
  <record>
    <leader>01000aam  22002601a 4500</leader>
    <controlfield tag="001">YPZ96329</controlfield>
    <controlfield tag="003">YPZ</controlfield>
    <controlfield tag="005">201210231833060</controlfield>
    <controlfield tag="008">121023|###########||||||b||||||||||spa|d</controlfield>
    <datafield tag="040" ind1=" " ind2=" ">
      <subfield code="c">SIUNPA</subfield>
    </datafield>
    <datafield tag="041" ind1=" " ind2=" ">
      <subfield code="a">spa</subfield>
    </datafield>
    <datafield tag="044" ind1=" " ind2=" ">
      <subfield code="a">MX</subfield>
    </datafield>
    <datafield tag="080" ind1=" " ind2=" ">
      <subfield code="a">821.134.2(82)</subfield>
    </datafield>
    <datafield tag="100" ind1=" " ind2=" ">
      <subfield code="a">Hidalgo, Bartolomé.</subfield>
    </datafield>
    <datafield tag="700" ind1=" " ind2=" ">
      <subfield code="a">Ascasubi, Hilario.</subfield>
    </datafield>
    <datafield tag="700" ind1=" " ind2=" ">
      <subfield code="a">Campo, Estanislao del.</subfield>
    </datafield>
    <datafield tag="700" ind1=" " ind2=" ">
      <subfield code="a">Lussich, Antonio D..</subfield>
    </datafield>
    <datafield tag="700" ind1=" " ind2=" ">
      <subfield code="a">Hernández, José.</subfield>
    </datafield>
    <datafield tag="700" ind1=" " ind2=" ">
      <subfield code="a">Lynch, Ventura R..</subfield>
    </datafield>
    <datafield tag="245" ind1=" " ind2=" ">
      <subfield code="a">Poesía gauchesca</subfield>
      <subfield code="c"> / Borges, Jorge Luis, ed., pról., notas y glosario ; Bioy Casares, Adolfo, ed., pról., notas y glosario</subfield>
    </datafield>
    <datafield tag="250" ind1=" " ind2=" ">
      <subfield code="a">1a ed.</subfield>
    </datafield>
    <datafield tag="260" ind1=" " ind2=" ">
      <subfield code="a">México, D.F.</subfield>
      <subfield code="b"> : Fondo de Cultura Económica</subfield>
      <subfield code="c"> , 1955</subfield>
    </datafield>
    <datafield tag="650" ind1=" " ind2=" ">
      <subfield code="a"> LITERATURA ARGENTINA</subfield>
    </datafield>
    <datafield tag="650" ind1=" " ind2=" ">
      <subfield code="a"> POESIA</subfield>
    </datafield>
    <datafield tag="505" ind1="0" ind2="0">
      <subfield code="g">p. 3-34</subfield>
      <subfield code="g">- LITERATURA ARGENTINA| - POESIA</subfield>
      <subfield code="r">Hidalgo, Bartolomé</subfield>
      <subfield code="t">Poemas</subfield>
    </datafield>
    <datafield tag="505" ind1="0" ind2="0">
      <subfield code="g">p. 37-303</subfield>
      <subfield code="g">- LITERATURA ARGENTINA| - POESIA</subfield>
      <subfield code="r">Ascasubi, Hilario</subfield>
      <subfield code="t">Paulino Lucero</subfield>
    </datafield>
    <datafield tag="505" ind1="0" ind2="0">
      <subfield code="g">p. 304-624</subfield>
      <subfield code="g">- LITERATURA ARGENTINA| - POESIA</subfield>
      <subfield code="r">Ascasubi, Hilario</subfield>
      <subfield code="t">Santos Vega el payador</subfield>
    </datafield>
    <datafield tag="505" ind1="0" ind2="0">
      <subfield code="g">p. 7-297</subfield>
      <subfield code="g">- LITERATURA ARGENTINA| - POESIA</subfield>
      <subfield code="r">Ascasubi, Hilario</subfield>
      <subfield code="t">Aniceto el gallo</subfield>
    </datafield>
    <datafield tag="505" ind1="0" ind2="0">
      <subfield code="g">p. 301-344</subfield>
      <subfield code="g">- LITERATURA ARGENTINA| - POESIA</subfield>
      <subfield code="r">Campo, Estanislao del</subfield>
      <subfield code="t">Fausto</subfield>
    </datafield>
    <datafield tag="505" ind1="0" ind2="0">
      <subfield code="g">p. 331-344</subfield>
      <subfield code="g">- LITERATURA ARGENTINA| - POESIA</subfield>
      <subfield code="r">Campo, Estanislao del</subfield>
      <subfield code="t">Poesías</subfield>
    </datafield>
    <datafield tag="505" ind1="0" ind2="0">
      <subfield code="g">p. 347-411</subfield>
      <subfield code="g">- LITERATURA ARGENTINA| - POESIA</subfield>
      <subfield code="r">Lussich, Antonio D.</subfield>
      <subfield code="t">Los tres gauchos orientales</subfield>
    </datafield>
    <datafield tag="505" ind1="0" ind2="0">
      <subfield code="g">p. 412-534</subfield>
      <subfield code="g">- LITERATURA ARGENTINA| - POESIA</subfield>
      <subfield code="r">Lussich, Antonio D.</subfield>
      <subfield code="t">El matrero Luciano Santos</subfield>
    </datafield>
    <datafield tag="505" ind1="0" ind2="0">
      <subfield code="g">p. 535-570</subfield>
      <subfield code="g">- LITERATURA ARGENTINA| - POESIA</subfield>
      <subfield code="r">Lussich, Antonio D.</subfield>
      <subfield code="t">Cantalicio Quirós y Miterio Castro</subfield>
    </datafield>
    <datafield tag="505" ind1="0" ind2="0">
      <subfield code="g">p. 571-751</subfield>
      <subfield code="g">- LITERATURA ARGENTINA| - POESIA</subfield>
      <subfield code="r">Hernández, José</subfield>
      <subfield code="t">La vuelta de Mrtín Fierro</subfield>
    </datafield>
    <datafield tag="505" ind1="0" ind2="0">
      <subfield code="g">p. 753-761</subfield>
      <subfield code="g">- LITERATURA ARGENTINA| - POESIA</subfield>
      <subfield code="r">Lynch, Ventura R.</subfield>
      <subfield code="t">Historia de Pedro Moyano</subfield>
    </datafield>
    <datafield tag="773" ind1="0" ind2="#">
      <subfield code="a">Hidalgo, Bartolomé</subfield>
      <subfield code="g">- LITERATURA ARGENTINA| - POESIA</subfield>
      <subfield code="h">p. 3-34</subfield>
      <subfield code="t">Poemas</subfield>
    </datafield>
    <datafield tag="773" ind1="0" ind2="#">
      <subfield code="a">Ascasubi, Hilario</subfield>
      <subfield code="g">- LITERATURA ARGENTINA| - POESIA</subfield>
      <subfield code="h">p. 37-303</subfield>
      <subfield code="t">Paulino Lucero</subfield>
    </datafield>
    <datafield tag="773" ind1="0" ind2="#">
      <subfield code="a">Ascasubi, Hilario</subfield>
      <subfield code="g">- LITERATURA ARGENTINA| - POESIA</subfield>
      <subfield code="h">p. 304-624</subfield>
      <subfield code="t">Santos Vega el payador</subfield>
    </datafield>
    <datafield tag="773" ind1="0" ind2="#">
      <subfield code="a">Ascasubi, Hilario</subfield>
      <subfield code="g">- LITERATURA ARGENTINA| - POESIA</subfield>
      <subfield code="h">p. 7-297</subfield>
      <subfield code="t">Aniceto el gallo</subfield>
    </datafield>
    <datafield tag="773" ind1="0" ind2="#">
      <subfield code="a">Campo, Estanislao del</subfield>
      <subfield code="g">- LITERATURA ARGENTINA| - POESIA</subfield>
      <subfield code="h">p. 301-344</subfield>
      <subfield code="t">Fausto</subfield>
    </datafield>
    <datafield tag="773" ind1="0" ind2="#">
      <subfield code="a">Campo, Estanislao del</subfield>
      <subfield code="g">- LITERATURA ARGENTINA| - POESIA</subfield>
      <subfield code="h">p. 331-344</subfield>
      <subfield code="t">Poesías</subfield>
    </datafield>
    <datafield tag="773" ind1="0" ind2="#">
      <subfield code="a">Lussich, Antonio D.</subfield>
      <subfield code="g">- LITERATURA ARGENTINA| - POESIA</subfield>
      <subfield code="h">p. 347-411</subfield>
      <subfield code="t">Los tres gauchos orientales</subfield>
    </datafield>
    <datafield tag="773" ind1="0" ind2="#">
      <subfield code="a">Lussich, Antonio D.</subfield>
      <subfield code="g">- LITERATURA ARGENTINA| - POESIA</subfield>
      <subfield code="h">p. 412-534</subfield>
      <subfield code="t">El matrero Luciano Santos</subfield>
    </datafield>
    <datafield tag="773" ind1="0" ind2="#">
      <subfield code="a">Lussich, Antonio D.</subfield>
      <subfield code="g">- LITERATURA ARGENTINA| - POESIA</subfield>
      <subfield code="h">p. 535-570</subfield>
      <subfield code="t">Cantalicio Quirós y Miterio Castro</subfield>
    </datafield>
    <datafield tag="773" ind1="0" ind2="#">
      <subfield code="a">Hernández, José</subfield>
      <subfield code="g">- LITERATURA ARGENTINA| - POESIA</subfield>
      <subfield code="h">p. 571-751</subfield>
      <subfield code="t">La vuelta de Mrtín Fierro</subfield>
    </datafield>
    <datafield tag="773" ind1="0" ind2="#">
      <subfield code="a">Lynch, Ventura R.</subfield>
      <subfield code="g">- LITERATURA ARGENTINA| - POESIA</subfield>
      <subfield code="h">p. 753-761</subfield>
      <subfield code="t">Historia de Pedro Moyano</subfield>
    </datafield>
    <datafield tag="942" ind1=" " ind2=" ">
      <subfield code="c">BK</subfield>
    </datafield>
    <datafield tag="952" ind1=" " ind2=" ">
      <subfield code="a">BIB_RECT</subfield>
      <subfield code="b">BIB_UARG</subfield>
      <subfield code="d">2012-10-16</subfield>
      <subfield code="y">BK</subfield>
      <subfield code="p">05-00613</subfield>
      <subfield code="i">05-00613</subfield>
      <subfield code="g">70</subfield>
      <subfield code="o">821.134.2(82)</subfield>
      <subfield code="e">Donación</subfield>
      <subfield code="8">CG</subfield>
    </datafield>
    <datafield tag="952" ind1=" " ind2=" ">
      <subfield code="a">BIB_RECT</subfield>
      <subfield code="b">BIB_UARG</subfield>
      <subfield code="d">2012-10-16</subfield>
      <subfield code="y">BK</subfield>
      <subfield code="p">05-00623</subfield>
      <subfield code="i">05-00623</subfield>
      <subfield code="g">70</subfield>
      <subfield code="o">821.134.2(82)</subfield>
      <subfield code="e">Donación</subfield>
      <subfield code="8">CG</subfield>
    </datafield>
  </record>