
  <record>
    <leader>01000aam  22002601a 4500</leader>
    <controlfield tag="001">YPZ96339</controlfield>
    <controlfield tag="003">YPZ</controlfield>
    <controlfield tag="005">201210241440250</controlfield>
    <controlfield tag="008">121024|###########||||||b||||||||||spa|d</controlfield>
    <datafield tag="020" ind1=" " ind2=" ">
      <subfield code="a">9789871242573</subfield>
    </datafield>
    <datafield tag="040" ind1=" " ind2=" ">
      <subfield code="c">SIUNPA</subfield>
    </datafield>
    <datafield tag="041" ind1=" " ind2=" ">
      <subfield code="a">spa</subfield>
    </datafield>
    <datafield tag="044" ind1=" " ind2=" ">
      <subfield code="a">AR</subfield>
    </datafield>
    <datafield tag="080" ind1=" " ind2=" ">
      <subfield code="a">81'42 S274m</subfield>
    </datafield>
    <datafield tag="100" ind1=" " ind2=" ">
      <subfield code="a">Sayago, Sebastián.</subfield>
    </datafield>
    <datafield tag="245" ind1=" " ind2=" ">
      <subfield code="a">Materiales curriculares</subfield>
      <subfield code="b"> : introducción al análisis y producción del discurso científico</subfield>
    </datafield>
    <datafield tag="250" ind1=" " ind2=" ">
      <subfield code="a">1a ed.</subfield>
    </datafield>
    <datafield tag="260" ind1=" " ind2=" ">
      <subfield code="a">Río Gallegos</subfield>
      <subfield code="b"> : Universidad Nacional de la Patagonia Austral, UNPA</subfield>
      <subfield code="c"> , 2011</subfield>
    </datafield>
    <datafield tag="650" ind1=" " ind2=" ">
      <subfield code="a"> ANALISIS DEL DISCURSO</subfield>
    </datafield>
    <datafield tag="942" ind1=" " ind2=" ">
      <subfield code="c">BK</subfield>
    </datafield>
    <datafield tag="952" ind1=" " ind2=" ">
      <subfield code="a">BIB_RECT</subfield>
      <subfield code="b">BIB_UACO</subfield>
      <subfield code="d">2012-10-19</subfield>
      <subfield code="y">BK</subfield>
      <subfield code="p">02-43274</subfield>
      <subfield code="i">02-43274</subfield>
      <subfield code="g">40</subfield>
      <subfield code="o">81'42 S274m</subfield>
      <subfield code="e">Secretaría de Extensión</subfield>
      <subfield code="8">CG</subfield>
    </datafield>
    <datafield tag="952" ind1=" " ind2=" ">
      <subfield code="a">BIB_RECT</subfield>
      <subfield code="b">BIB_UACO</subfield>
      <subfield code="d">2012-10-19</subfield>
      <subfield code="y">BK</subfield>
      <subfield code="p">02-43275</subfield>
      <subfield code="i">02-43275</subfield>
      <subfield code="g">40</subfield>
      <subfield code="o">81'42 S274m</subfield>
      <subfield code="e">Secretaría de Extensión</subfield>
      <subfield code="8">CG</subfield>
    </datafield>
    <datafield tag="952" ind1=" " ind2=" ">
      <subfield code="a">BIB_RECT</subfield>
      <subfield code="b">BIB_UART</subfield>
      <subfield code="d">2012-10-19</subfield>
      <subfield code="y">BK</subfield>
      <subfield code="p">03-43252</subfield>
      <subfield code="i">03-43252</subfield>
      <subfield code="g">40</subfield>
      <subfield code="o">81'42 S274m</subfield>
      <subfield code="e">Secretaría de Extensión</subfield>
      <subfield code="8">CG</subfield>
    </datafield>
    <datafield tag="952" ind1=" " ind2=" ">
      <subfield code="a">BIB_RECT</subfield>
      <subfield code="b">BIB_UART</subfield>
      <subfield code="d">2012-10-19</subfield>
      <subfield code="y">BK</subfield>
      <subfield code="p">03-43253</subfield>
      <subfield code="i">03-43253</subfield>
      <subfield code="g">40</subfield>
      <subfield code="o">81'42 S274m</subfield>
      <subfield code="e">Secretaría de Extensión</subfield>
      <subfield code="8">CG</subfield>
    </datafield>
    <datafield tag="952" ind1=" " ind2=" ">
      <subfield code="a">BIB_RECT</subfield>
      <subfield code="b">BIB_UASJ</subfield>
      <subfield code="d">2012-10-24</subfield>
      <subfield code="y">BK</subfield>
      <subfield code="p">04-43264</subfield>
      <subfield code="i">04-43264</subfield>
      <subfield code="g">40</subfield>
      <subfield code="o">81'42 S274m</subfield>
      <subfield code="e">Secretaría de Extensión</subfield>
      <subfield code="8">CG</subfield>
    </datafield>
    <datafield tag="952" ind1=" " ind2=" ">
      <subfield code="a">BIB_RECT</subfield>
      <subfield code="b">BIB_UARG</subfield>
      <subfield code="d">2012-10-19</subfield>
      <subfield code="y">BK</subfield>
      <subfield code="p">05-43287</subfield>
      <subfield code="i">05-43287</subfield>
      <subfield code="g">40</subfield>
      <subfield code="o">81'42 S274m</subfield>
      <subfield code="e">Secretaría de Extensión</subfield>
      <subfield code="8">CG</subfield>
    </datafield>
    <datafield tag="952" ind1=" " ind2=" ">
      <subfield code="a">BIB_RECT</subfield>
      <subfield code="b">SAT_TRUN</subfield>
      <subfield code="d">2012-10-26</subfield>
      <subfield code="y">BK</subfield>
      <subfield code="p">10-43352</subfield>
      <subfield code="i">10-43352</subfield>
      <subfield code="g">40</subfield>
      <subfield code="o">81'42 S274m</subfield>
      <subfield code="e">Secretaría de Extensión</subfield>
      <subfield code="8">CG</subfield>
    </datafield>
    <datafield tag="952" ind1=" " ind2=" ">
      <subfield code="a">BIB_RECT</subfield>
      <subfield code="b">SAT_PBNA</subfield>
      <subfield code="d">2012-10-23</subfield>
      <subfield code="y">BK</subfield>
      <subfield code="p">11-43307</subfield>
      <subfield code="i">11-43307</subfield>
      <subfield code="g">40</subfield>
      <subfield code="o">81'42 S274m</subfield>
      <subfield code="e">Secretaría de Extensión</subfield>
      <subfield code="8">CG</subfield>
    </datafield>
    <datafield tag="952" ind1=" " ind2=" ">
      <subfield code="a">BIB_RECT</subfield>
      <subfield code="b">SAT_CLFT</subfield>
      <subfield code="d">2012-10-23</subfield>
      <subfield code="y">BK</subfield>
      <subfield code="p">12-43299</subfield>
      <subfield code="i">12-43299</subfield>
      <subfield code="g">40</subfield>
      <subfield code="o">81'42 S274m</subfield>
      <subfield code="e">Secretaría de Extensión</subfield>
      <subfield code="8">CG</subfield>
    </datafield>
    <datafield tag="952" ind1=" " ind2=" ">
      <subfield code="a">BIB_RECT</subfield>
      <subfield code="b">SAT_PMDN </subfield>
      <subfield code="d">2012-10-23</subfield>
      <subfield code="y">BK</subfield>
      <subfield code="p">15-43323</subfield>
      <subfield code="i">15-43323</subfield>
      <subfield code="g">40</subfield>
      <subfield code="o">81'42 S274m</subfield>
      <subfield code="e">Secretaría de Extensión</subfield>
      <subfield code="8">CG</subfield>
    </datafield>
    <datafield tag="952" ind1=" " ind2=" ">
      <subfield code="a">BIB_RECT</subfield>
      <subfield code="b">SAT_PDES</subfield>
      <subfield code="d">2012-10-26</subfield>
      <subfield code="y">BK</subfield>
      <subfield code="p">16-43345</subfield>
      <subfield code="i">16-43345</subfield>
      <subfield code="g">40</subfield>
      <subfield code="o">81'42 S274m</subfield>
      <subfield code="e">Secretaría de Extensión</subfield>
      <subfield code="8">CG</subfield>
    </datafield>
    <datafield tag="952" ind1=" " ind2=" ">
      <subfield code="a">BIB_RECT</subfield>
      <subfield code="b">SAT_RGRA</subfield>
      <subfield code="d">2012-10-26</subfield>
      <subfield code="y">BK</subfield>
      <subfield code="p">17-43330</subfield>
      <subfield code="i">17-43330</subfield>
      <subfield code="g">40</subfield>
      <subfield code="o">81'42 S274m</subfield>
      <subfield code="e">Secretaría de Extensión</subfield>
      <subfield code="8">CG</subfield>
    </datafield>
    <datafield tag="952" ind1=" " ind2=" ">
      <subfield code="a">BIB_RECT</subfield>
      <subfield code="b">SAT_GREG</subfield>
      <subfield code="d">2012-10-26</subfield>
      <subfield code="y">BK</subfield>
      <subfield code="p">18-43338</subfield>
      <subfield code="i">18-43338</subfield>
      <subfield code="g">40</subfield>
      <subfield code="o">81'42 S274m</subfield>
      <subfield code="e">Secretaría de Extensión</subfield>
      <subfield code="8">CG</subfield>
    </datafield>
    <datafield tag="952" ind1=" " ind2=" ">
      <subfield code="a">BIB_RECT</subfield>
      <subfield code="b">SAT_USHU</subfield>
      <subfield code="d">2012-11-23</subfield>
      <subfield code="y">BK</subfield>
      <subfield code="p">19-43315</subfield>
      <subfield code="i">19-43315</subfield>
      <subfield code="g">40</subfield>
      <subfield code="o">81'42 S274m</subfield>
      <subfield code="e">Secretaría de Extensión</subfield>
      <subfield code="8">CG</subfield>
    </datafield>
  </record>