
  <record>
    <leader>01000aam  22002601a 4500</leader>
    <controlfield tag="001">YPZ96341</controlfield>
    <controlfield tag="003">YPZ</controlfield>
    <controlfield tag="005">201210241451220</controlfield>
    <controlfield tag="008">121024|###########||||||b||||||||||spa|d</controlfield>
    <datafield tag="040" ind1=" " ind2=" ">
      <subfield code="c">SIUNPA</subfield>
    </datafield>
    <datafield tag="041" ind1=" " ind2=" ">
      <subfield code="a">spa</subfield>
    </datafield>
    <datafield tag="044" ind1=" " ind2=" ">
      <subfield code="a">ES</subfield>
    </datafield>
    <datafield tag="080" ind1=" " ind2=" ">
      <subfield code="a">821.111(73) B922n</subfield>
    </datafield>
    <datafield tag="100" ind1=" " ind2=" ">
      <subfield code="a">Buck, Pearl S..</subfield>
    </datafield>
    <datafield tag="245" ind1=" " ind2=" ">
      <subfield code="a">Novelas</subfield>
      <subfield code="c"> / Mulder, Elisabeth, tr. ; Silva Yoacham, Fernando, tr. ; Souvirón, José María, tr. ; Martínez Alinares, Josefina, tr. ; Gossé, G., tr. ; Gossé, L., tr.</subfield>
    </datafield>
    <datafield tag="260" ind1=" " ind2=" ">
      <subfield code="a">Barcelona</subfield>
      <subfield code="b"> : Planeta</subfield>
      <subfield code="c"> , 1958</subfield>
    </datafield>
    <datafield tag="500" ind1=" " ind2=" ">
      <subfield code="a">La biblioteca posee: v. 1</subfield>
    </datafield>
    <datafield tag="650" ind1=" " ind2=" ">
      <subfield code="a"> LITERATURA NORTEAMERICANA</subfield>
    </datafield>
    <datafield tag="650" ind1=" " ind2=" ">
      <subfield code="a"> NOVELA</subfield>
    </datafield>
    <datafield tag="505" ind1="0" ind2="0">
      <subfield code="g">p. 11-312</subfield>
      <subfield code="g">- LITERATURA NORTEAMERICANA| - NOVELA</subfield>
      <subfield code="r">Buck, Pearl S.</subfield>
      <subfield code="t">La buena tierra</subfield>
    </datafield>
    <datafield tag="505" ind1="0" ind2="0">
      <subfield code="g">p. 316-712</subfield>
      <subfield code="g">- LITERATURA NORTEAMERICANA| - NOVELA</subfield>
      <subfield code="r">Buck, Pearl S.</subfield>
      <subfield code="t">Hijos</subfield>
    </datafield>
    <datafield tag="505" ind1="0" ind2="0">
      <subfield code="g">p. 715-1064</subfield>
      <subfield code="g">- LITERATURA NORTEAMERICANA| - NOVELA</subfield>
      <subfield code="r">Buck, Pearl S.</subfield>
      <subfield code="t">Un hogar dividido</subfield>
    </datafield>
    <datafield tag="505" ind1="0" ind2="0">
      <subfield code="g">1066-1509</subfield>
      <subfield code="g">- LITERATURA NORTEAMERICANA| - NOVELA</subfield>
      <subfield code="r">Buck, Pearl S.</subfield>
      <subfield code="t">Los parientes</subfield>
    </datafield>
    <datafield tag="505" ind1="0" ind2="0">
      <subfield code="g">p. 1511-1657</subfield>
      <subfield code="g">- LITERATURA NORTEAMERICANA| - NOVELA</subfield>
      <subfield code="r">Buck, Pearl S.</subfield>
      <subfield code="t">Viento del este, viento del oeste</subfield>
    </datafield>
    <datafield tag="773" ind1="0" ind2="#">
      <subfield code="a">Buck, Pearl S.</subfield>
      <subfield code="g">- LITERATURA NORTEAMERICANA| - NOVELA</subfield>
      <subfield code="h">p. 11-312</subfield>
      <subfield code="t">La buena tierra</subfield>
    </datafield>
    <datafield tag="773" ind1="0" ind2="#">
      <subfield code="a">Buck, Pearl S.</subfield>
      <subfield code="g">- LITERATURA NORTEAMERICANA| - NOVELA</subfield>
      <subfield code="h">p. 316-712</subfield>
      <subfield code="t">Hijos</subfield>
    </datafield>
    <datafield tag="773" ind1="0" ind2="#">
      <subfield code="a">Buck, Pearl S.</subfield>
      <subfield code="g">- LITERATURA NORTEAMERICANA| - NOVELA</subfield>
      <subfield code="h">p. 715-1064</subfield>
      <subfield code="t">Un hogar dividido</subfield>
    </datafield>
    <datafield tag="773" ind1="0" ind2="#">
      <subfield code="a">Buck, Pearl S.</subfield>
      <subfield code="g">- LITERATURA NORTEAMERICANA| - NOVELA</subfield>
      <subfield code="h">1066-1509</subfield>
      <subfield code="t">Los parientes</subfield>
    </datafield>
    <datafield tag="773" ind1="0" ind2="#">
      <subfield code="a">Buck, Pearl S.</subfield>
      <subfield code="g">- LITERATURA NORTEAMERICANA| - NOVELA</subfield>
      <subfield code="h">p. 1511-1657</subfield>
      <subfield code="t">Viento del este, viento del oeste</subfield>
    </datafield>
    <datafield tag="942" ind1=" " ind2=" ">
      <subfield code="c">BK</subfield>
    </datafield>
    <datafield tag="952" ind1=" " ind2=" ">
      <subfield code="a">BIB_RECT</subfield>
      <subfield code="b">BIB_UARG</subfield>
      <subfield code="d">2012-10-17</subfield>
      <subfield code="y">BK</subfield>
      <subfield code="p">05-04104</subfield>
      <subfield code="i">05-04104</subfield>
      <subfield code="g">65</subfield>
      <subfield code="o">821.111(73) B922n</subfield>
      <subfield code="e">Donación</subfield>
      <subfield code="8">CG</subfield>
    </datafield>
  </record>