
  <record>
    <leader>01000aam  22002601a 4500</leader>
    <controlfield tag="001">YPZ96360</controlfield>
    <controlfield tag="003">YPZ</controlfield>
    <controlfield tag="005">201210261702560</controlfield>
    <controlfield tag="008">121026|###########||||||b||||||||||spa|d</controlfield>
    <datafield tag="040" ind1=" " ind2=" ">
      <subfield code="c">SIUNPA</subfield>
    </datafield>
    <datafield tag="041" ind1=" " ind2=" ">
      <subfield code="a">spa</subfield>
    </datafield>
    <datafield tag="044" ind1=" " ind2=" ">
      <subfield code="a">AR</subfield>
    </datafield>
    <datafield tag="080" ind1=" " ind2=" ">
      <subfield code="a">821.134.2(82) D245v</subfield>
    </datafield>
    <datafield tag="100" ind1=" " ind2=" ">
      <subfield code="a">Dávalos, Juan Carlos.</subfield>
    </datafield>
    <datafield tag="245" ind1=" " ind2=" ">
      <subfield code="a">El viento blanco y otros relatos</subfield>
      <subfield code="c"> / Cortázar, Augusto Raúl, presentación</subfield>
    </datafield>
    <datafield tag="250" ind1=" " ind2=" ">
      <subfield code="a">4a ed.</subfield>
    </datafield>
    <datafield tag="260" ind1=" " ind2=" ">
      <subfield code="a">Buenos Aires</subfield>
      <subfield code="b"> : Eudeba</subfield>
      <subfield code="c"> , 1971</subfield>
    </datafield>
    <datafield tag="440" ind1=" " ind2=" ">
      <subfield code="a">Serie del siglo y medio</subfield>
      <subfield code="v">52</subfield>
    </datafield>
    <datafield tag="490" ind1=" " ind2=" ">
      <subfield code="a">Serie del siglo y medio</subfield>
      <subfield code="v">52</subfield>
    </datafield>
    <datafield tag="650" ind1=" " ind2=" ">
      <subfield code="a"> LITERATURA ARGENTINA</subfield>
    </datafield>
    <datafield tag="650" ind1=" " ind2=" ">
      <subfield code="a"> CUENTO</subfield>
    </datafield>
    <datafield tag="505" ind1="0" ind2="0">
      <subfield code="g">p. 13-27</subfield>
      <subfield code="g">- LITERATURA ARGENTINA|CUENTO</subfield>
      <subfield code="r">Dávalos, Juan Carlos</subfield>
      <subfield code="t">El viento blanco</subfield>
    </datafield>
    <datafield tag="505" ind1="0" ind2="0">
      <subfield code="g">p. 28-50</subfield>
      <subfield code="g">- LITERATURA ARGENTINA|CUENTO</subfield>
      <subfield code="r">Dávalos, Juan Carlos</subfield>
      <subfield code="t">El atajacamino</subfield>
    </datafield>
    <datafield tag="505" ind1="0" ind2="0">
      <subfield code="g">p. 51-57</subfield>
      <subfield code="g">- LITERATURA ARGENTINA|CUENTO</subfield>
      <subfield code="r">Dávalos, Juan Carlos</subfield>
      <subfield code="t">El secreto del opa</subfield>
    </datafield>
    <datafield tag="505" ind1="0" ind2="0">
      <subfield code="g">p. 58-83</subfield>
      <subfield code="g">- LITERATURA ARGENTINA|CUENTO</subfield>
      <subfield code="r">Dávalos, Juan Carlos</subfield>
      <subfield code="t">De hombre a hombre</subfield>
    </datafield>
    <datafield tag="505" ind1="0" ind2="0">
      <subfield code="g">p. 84-89</subfield>
      <subfield code="g">- LITERATURA ARGENTINA|CUENTO</subfield>
      <subfield code="r">Dávalos, Juan Carlos</subfield>
      <subfield code="t">Un sepelio atmosférico (crónica de 1891)</subfield>
    </datafield>
    <datafield tag="505" ind1="0" ind2="0">
      <subfield code="g">p. 90-98</subfield>
      <subfield code="g">- LITERATURA ARGENTINA|CUENTO</subfield>
      <subfield code="r">Dávalos, Juan Carlos</subfield>
      <subfield code="t">La zancadilla</subfield>
    </datafield>
    <datafield tag="505" ind1="0" ind2="0">
      <subfield code="g">p. 99-104</subfield>
      <subfield code="g">- LITERATURA ARGENTINA|CUENTO</subfield>
      <subfield code="r">Dávalos, Juan Carlos</subfield>
      <subfield code="t">La cola del gato</subfield>
    </datafield>
    <datafield tag="505" ind1="0" ind2="0">
      <subfield code="g">p. 105-106</subfield>
      <subfield code="g">- LITERATURA ARGENTINA|CUENTO</subfield>
      <subfield code="r">Dávalos, Juan Carlos</subfield>
      <subfield code="t">El quirquincho y el zorro melero</subfield>
    </datafield>
    <datafield tag="505" ind1="0" ind2="0">
      <subfield code="g">p. 107</subfield>
      <subfield code="g">- LITERATURA ARGENTINA|CUENTO</subfield>
      <subfield code="r">Dávalos, Juan Carlos</subfield>
      <subfield code="t">El quirquincho y el zorro enlazador</subfield>
    </datafield>
    <datafield tag="505" ind1="0" ind2="0">
      <subfield code="g">p. 108</subfield>
      <subfield code="g">- LITERATURA ARGENTINA|CUENTO</subfield>
      <subfield code="r">Dávalos, Juan Carlos</subfield>
      <subfield code="t">El zorro, el quirquincho y la carreta de quesos</subfield>
    </datafield>
    <datafield tag="505" ind1="0" ind2="0">
      <subfield code="g">p. 109</subfield>
      <subfield code="g">- LITERATURA ARGENTINA|CUENTO</subfield>
      <subfield code="r">Dávalos, Juan Carlos</subfield>
      <subfield code="t">El tigre y el zorro</subfield>
    </datafield>
    <datafield tag="773" ind1="0" ind2="#">
      <subfield code="a">Dávalos, Juan Carlos</subfield>
      <subfield code="g">- LITERATURA ARGENTINA|CUENTO</subfield>
      <subfield code="h">p. 13-27</subfield>
      <subfield code="t">El viento blanco</subfield>
    </datafield>
    <datafield tag="773" ind1="0" ind2="#">
      <subfield code="a">Dávalos, Juan Carlos</subfield>
      <subfield code="g">- LITERATURA ARGENTINA|CUENTO</subfield>
      <subfield code="h">p. 28-50</subfield>
      <subfield code="t">El atajacamino</subfield>
    </datafield>
    <datafield tag="773" ind1="0" ind2="#">
      <subfield code="a">Dávalos, Juan Carlos</subfield>
      <subfield code="g">- LITERATURA ARGENTINA|CUENTO</subfield>
      <subfield code="h">p. 51-57</subfield>
      <subfield code="t">El secreto del opa</subfield>
    </datafield>
    <datafield tag="773" ind1="0" ind2="#">
      <subfield code="a">Dávalos, Juan Carlos</subfield>
      <subfield code="g">- LITERATURA ARGENTINA|CUENTO</subfield>
      <subfield code="h">p. 58-83</subfield>
      <subfield code="t">De hombre a hombre</subfield>
    </datafield>
    <datafield tag="773" ind1="0" ind2="#">
      <subfield code="a">Dávalos, Juan Carlos</subfield>
      <subfield code="g">- LITERATURA ARGENTINA|CUENTO</subfield>
      <subfield code="h">p. 84-89</subfield>
      <subfield code="t">Un sepelio atmosférico (crónica de 1891)</subfield>
    </datafield>
    <datafield tag="773" ind1="0" ind2="#">
      <subfield code="a">Dávalos, Juan Carlos</subfield>
      <subfield code="g">- LITERATURA ARGENTINA|CUENTO</subfield>
      <subfield code="h">p. 90-98</subfield>
      <subfield code="t">La zancadilla</subfield>
    </datafield>
    <datafield tag="773" ind1="0" ind2="#">
      <subfield code="a">Dávalos, Juan Carlos</subfield>
      <subfield code="g">- LITERATURA ARGENTINA|CUENTO</subfield>
      <subfield code="h">p. 99-104</subfield>
      <subfield code="t">La cola del gato</subfield>
    </datafield>
    <datafield tag="773" ind1="0" ind2="#">
      <subfield code="a">Dávalos, Juan Carlos</subfield>
      <subfield code="g">- LITERATURA ARGENTINA|CUENTO</subfield>
      <subfield code="h">p. 105-106</subfield>
      <subfield code="t">El quirquincho y el zorro melero</subfield>
    </datafield>
    <datafield tag="773" ind1="0" ind2="#">
      <subfield code="a">Dávalos, Juan Carlos</subfield>
      <subfield code="g">- LITERATURA ARGENTINA|CUENTO</subfield>
      <subfield code="h">p. 107</subfield>
      <subfield code="t">El quirquincho y el zorro enlazador</subfield>
    </datafield>
    <datafield tag="773" ind1="0" ind2="#">
      <subfield code="a">Dávalos, Juan Carlos</subfield>
      <subfield code="g">- LITERATURA ARGENTINA|CUENTO</subfield>
      <subfield code="h">p. 108</subfield>
      <subfield code="t">El zorro, el quirquincho y la carreta de quesos</subfield>
    </datafield>
    <datafield tag="773" ind1="0" ind2="#">
      <subfield code="a">Dávalos, Juan Carlos</subfield>
      <subfield code="g">- LITERATURA ARGENTINA|CUENTO</subfield>
      <subfield code="h">p. 109</subfield>
      <subfield code="t">El tigre y el zorro</subfield>
    </datafield>
    <datafield tag="942" ind1=" " ind2=" ">
      <subfield code="c">BK</subfield>
    </datafield>
    <datafield tag="952" ind1=" " ind2=" ">
      <subfield code="a">BIB_RECT</subfield>
      <subfield code="b">BIB_UARG</subfield>
      <subfield code="d">2012-10-26</subfield>
      <subfield code="y">BK</subfield>
      <subfield code="p">05-04012</subfield>
      <subfield code="i">05-04012</subfield>
      <subfield code="g">19</subfield>
      <subfield code="o">821.134.2(82) D245v</subfield>
      <subfield code="e">Donación</subfield>
      <subfield code="8">CG</subfield>
    </datafield>
  </record>