
  <record>
    <leader>01000aam  22002601a 4500</leader>
    <controlfield tag="001">YPZ96438</controlfield>
    <controlfield tag="003">YPZ</controlfield>
    <controlfield tag="005">201211011651140</controlfield>
    <controlfield tag="008">121101|###########||||||b||||||||||spa|d</controlfield>
    <datafield tag="020" ind1=" " ind2=" ">
      <subfield code="a">9789872509149</subfield>
    </datafield>
    <datafield tag="040" ind1=" " ind2=" ">
      <subfield code="c">SIUNPA</subfield>
    </datafield>
    <datafield tag="041" ind1=" " ind2=" ">
      <subfield code="a">spa</subfield>
    </datafield>
    <datafield tag="044" ind1=" " ind2=" ">
      <subfield code="a">AR</subfield>
    </datafield>
    <datafield tag="080" ind1=" " ind2=" ">
      <subfield code="a">371.21 G393g</subfield>
    </datafield>
    <datafield tag="245" ind1=" " ind2=" ">
      <subfield code="a">Gestión directiva, evaluación de los aprendizajes y rendimiento escolar</subfield>
      <subfield code="b"> : un estudio sobre el primer ciclo de la escuela secundaria</subfield>
      <subfield code="c"> / Brigido, Ana María, ed.</subfield>
    </datafield>
    <datafield tag="250" ind1=" " ind2=" ">
      <subfield code="a">1a ed.</subfield>
    </datafield>
    <datafield tag="260" ind1=" " ind2=" ">
      <subfield code="a">Córdoba</subfield>
      <subfield code="b"> : Hispania</subfield>
      <subfield code="c"> , 2011</subfield>
    </datafield>
    <datafield tag="650" ind1=" " ind2=" ">
      <subfield code="a"> ENSEÑANZA SECUNDARIA</subfield>
    </datafield>
    <datafield tag="650" ind1=" " ind2=" ">
      <subfield code="a"> ORGANIZACION ESCOLAR</subfield>
    </datafield>
    <datafield tag="650" ind1=" " ind2=" ">
      <subfield code="a"> RENDIMIENTO ESCOLAR</subfield>
    </datafield>
    <datafield tag="650" ind1=" " ind2=" ">
      <subfield code="a"> EVALUACION DEL ALUMNO</subfield>
    </datafield>
    <datafield tag="650" ind1=" " ind2=" ">
      <subfield code="a"> INVESTIGACION EDUCACIONAL</subfield>
    </datafield>
    <datafield tag="942" ind1=" " ind2=" ">
      <subfield code="c">BK</subfield>
    </datafield>
    <datafield tag="952" ind1=" " ind2=" ">
      <subfield code="a">BIB_RECT</subfield>
      <subfield code="b">BIB_UARG</subfield>
      <subfield code="d">2012-10-30</subfield>
      <subfield code="y">BK</subfield>
      <subfield code="p">05-43378</subfield>
      <subfield code="i">05-43378</subfield>
      <subfield code="g">65</subfield>
      <subfield code="o">371.21 G393g</subfield>
      <subfield code="e">Canje UNC/11</subfield>
      <subfield code="8">CG</subfield>
    </datafield>
  </record>