
  <record>
    <leader>01000aam  22002601a 4500</leader>
    <controlfield tag="001">YPZ96456</controlfield>
    <controlfield tag="003">YPZ</controlfield>
    <controlfield tag="005">201211051514090</controlfield>
    <controlfield tag="008">121105|###########||||||b||||||||||spa|d</controlfield>
    <datafield tag="020" ind1=" " ind2=" ">
      <subfield code="a">9789978828694</subfield>
    </datafield>
    <datafield tag="040" ind1=" " ind2=" ">
      <subfield code="c">SIUNPA</subfield>
    </datafield>
    <datafield tag="041" ind1=" " ind2=" ">
      <subfield code="a">spa</subfield>
    </datafield>
    <datafield tag="044" ind1=" " ind2=" ">
      <subfield code="a">EC</subfield>
    </datafield>
    <datafield tag="080" ind1=" " ind2=" ">
      <subfield code="a">376.7 Y53e</subfield>
    </datafield>
    <datafield tag="100" ind1=" " ind2=" ">
      <subfield code="a">Yánez Cossío, Consuelo.</subfield>
    </datafield>
    <datafield tag="245" ind1=" " ind2=" ">
      <subfield code="a">La educación indígena en el Ecuador</subfield>
      <subfield code="b"> : estudio introductorio</subfield>
    </datafield>
    <datafield tag="250" ind1=" " ind2=" ">
      <subfield code="a">1a ed.</subfield>
    </datafield>
    <datafield tag="260" ind1=" " ind2=" ">
      <subfield code="a">Quito</subfield>
      <subfield code="b"> : Instituto de Capacitación Municipal, ICAM</subfield>
      <subfield code="b"> : Ediciones de la Universidad Salesiana</subfield>
      <subfield code="c"> , [1994]</subfield>
    </datafield>
    <datafield tag="440" ind1=" " ind2=" ">
      <subfield code="a">Serie proyecto MANES</subfield>
      <subfield code="a">Temas / Eudeba</subfield>
      <subfield code="a">Biblioteca mundial Sopena</subfield>
      <subfield code="a">Colección educación y creatividad</subfield>
      <subfield code="a">Documentos. Nuevas leyes</subfield>
      <subfield code="a">Historia de la educación y el pensamiento pedagógico ecuatorianos</subfield>
      <subfield code="v">5</subfield>
    </datafield>
    <datafield tag="490" ind1=" " ind2=" ">
      <subfield code="a">Serie proyecto MANES</subfield>
      <subfield code="a">Temas / Eudeba</subfield>
      <subfield code="a">Biblioteca mundial Sopena</subfield>
      <subfield code="a">Colección educación y creatividad</subfield>
      <subfield code="a">Documentos. Nuevas leyes</subfield>
      <subfield code="a">Historia de la educación y el pensamiento pedagógico ecuatorianos</subfield>
      <subfield code="v">5</subfield>
    </datafield>
    <datafield tag="650" ind1=" " ind2=" ">
      <subfield code="a"> EDUCACION  GRUPOS ETNICOS</subfield>
    </datafield>
    <datafield tag="650" ind1=" " ind2=" ">
      <subfield code="a"> HISTORIA DE LA EDUCACION</subfield>
    </datafield>
    <datafield tag="650" ind1=" " ind2=" ">
      <subfield code="a"> POLITICAS DE EDUCACION</subfield>
    </datafield>
    <datafield tag="650" ind1=" " ind2=" ">
      <subfield code="a"> INDIGENAS</subfield>
    </datafield>
    <datafield tag="650" ind1=" " ind2=" ">
      <subfield code="a"> ECUADOR</subfield>
    </datafield>
    <datafield tag="942" ind1=" " ind2=" ">
      <subfield code="c">BK</subfield>
    </datafield>
    <datafield tag="952" ind1=" " ind2=" ">
      <subfield code="a">BIB_RECT</subfield>
      <subfield code="b">BIB_UASJ</subfield>
      <subfield code="d">2012-11-01</subfield>
      <subfield code="y">BK</subfield>
      <subfield code="p">04-43429</subfield>
      <subfield code="i">04-43429</subfield>
      <subfield code="g">50</subfield>
      <subfield code="o">376.7 Y53e</subfield>
      <subfield code="e">Donación Ossana, Edgardo (Rosario)</subfield>
      <subfield code="8">CG</subfield>
    </datafield>
  </record>