
  <record>
    <leader>01000aam  22002601a 4500</leader>
    <controlfield tag="001">YPZ96466</controlfield>
    <controlfield tag="003">YPZ</controlfield>
    <controlfield tag="005">201211061317520</controlfield>
    <controlfield tag="008">121106|###########||||||b||||||||||spa|d</controlfield>
    <datafield tag="020" ind1=" " ind2=" ">
      <subfield code="a">8575261088</subfield>
    </datafield>
    <datafield tag="040" ind1=" " ind2=" ">
      <subfield code="c">SIUNPA</subfield>
    </datafield>
    <datafield tag="041" ind1=" " ind2=" ">
      <subfield code="a">por</subfield>
    </datafield>
    <datafield tag="044" ind1=" " ind2=" ">
      <subfield code="a">BR</subfield>
    </datafield>
    <datafield tag="080" ind1=" " ind2=" ">
      <subfield code="a">37(81)(091) H673h</subfield>
    </datafield>
    <datafield tag="245" ind1=" " ind2=" ">
      <subfield code="a">História e historiografia da educação no Brasil</subfield>
      <subfield code="c"> / Veiga, Cynthia Greive, organizador ; Lima e Fonseca, Thais Nívia de, organizador</subfield>
    </datafield>
    <datafield tag="260" ind1=" " ind2=" ">
      <subfield code="a">Belo Horizonte</subfield>
      <subfield code="b"> : Autêntica</subfield>
      <subfield code="c"> , 2003</subfield>
    </datafield>
    <datafield tag="650" ind1=" " ind2=" ">
      <subfield code="a"> HISTORIA DE LA EDUCACION</subfield>
    </datafield>
    <datafield tag="650" ind1=" " ind2=" ">
      <subfield code="a"> HISTORIOGRAFIA</subfield>
    </datafield>
    <datafield tag="650" ind1=" " ind2=" ">
      <subfield code="a"> BRASIL</subfield>
    </datafield>
    <datafield tag="942" ind1=" " ind2=" ">
      <subfield code="c">BK</subfield>
    </datafield>
    <datafield tag="952" ind1=" " ind2=" ">
      <subfield code="a">BIB_RECT</subfield>
      <subfield code="b">BIB_UASJ</subfield>
      <subfield code="d">2012-11-06</subfield>
      <subfield code="y">BK</subfield>
      <subfield code="p">04-43427</subfield>
      <subfield code="i">04-43427</subfield>
      <subfield code="g">70</subfield>
      <subfield code="o">37(81)(091) H673h</subfield>
      <subfield code="e">Donación Ossana, Edgardo (Rosario)</subfield>
      <subfield code="8">CG</subfield>
    </datafield>
  </record>