
  <record>
    <leader>01000aam  22002601a 4500</leader>
    <controlfield tag="001">YPZ96492</controlfield>
    <controlfield tag="003">YPZ</controlfield>
    <controlfield tag="005">201211081619290</controlfield>
    <controlfield tag="008">121108|###########||||||b||||||||||spa|d</controlfield>
    <datafield tag="020" ind1=" " ind2=" ">
      <subfield code="a">9506980454</subfield>
    </datafield>
    <datafield tag="040" ind1=" " ind2=" ">
      <subfield code="c">SIUNPA</subfield>
    </datafield>
    <datafield tag="041" ind1=" " ind2=" ">
      <subfield code="a">spa</subfield>
    </datafield>
    <datafield tag="044" ind1=" " ind2=" ">
      <subfield code="a">AR</subfield>
    </datafield>
    <datafield tag="080" ind1=" " ind2=" ">
      <subfield code="a">159.922.8 F141a</subfield>
    </datafield>
    <datafield tag="100" ind1=" " ind2=" ">
      <subfield code="a">Facio, Alicia.</subfield>
    </datafield>
    <datafield tag="700" ind1=" " ind2=" ">
      <subfield code="a">Batistuta, Mercedes.</subfield>
    </datafield>
    <datafield tag="245" ind1=" " ind2=" ">
      <subfield code="a">Los adolescentes y sus padres</subfield>
      <subfield code="b"> : una investigación argentina</subfield>
    </datafield>
    <datafield tag="260" ind1=" " ind2=" ">
      <subfield code="a">Paraná</subfield>
      <subfield code="b"> : Facultad de Ciencias de la Educación, Universidad Nacional de Entre Ríos</subfield>
      <subfield code="c"> , [1997]</subfield>
    </datafield>
    <datafield tag="440" ind1=" " ind2=" ">
      <subfield code="a">La ideología argentina</subfield>
      <subfield code="a">Cátedra Lisandro de la Torre</subfield>
      <subfield code="a">Antropología social / Eudeba</subfield>
      <subfield code="a">Coletânea CBE</subfield>
      <subfield code="a">Colección pedagogos y pedagogías</subfield>
      <subfield code="a">Colección el hilo de Ariadna</subfield>
      <subfield code="a">Actas / Instituto Florián de Ocampo</subfield>
      <subfield code="a">Cuadernos. Serie investigaciones / Facultad de Ciencias de la Educación, Universidad Nacional de Entre Ríos</subfield>
      <subfield code="v">9</subfield>
    </datafield>
    <datafield tag="490" ind1=" " ind2=" ">
      <subfield code="a">La ideología argentina</subfield>
      <subfield code="a">Cátedra Lisandro de la Torre</subfield>
      <subfield code="a">Antropología social / Eudeba</subfield>
      <subfield code="a">Coletânea CBE</subfield>
      <subfield code="a">Colección pedagogos y pedagogías</subfield>
      <subfield code="a">Colección el hilo de Ariadna</subfield>
      <subfield code="a">Actas / Instituto Florián de Ocampo</subfield>
      <subfield code="a">Cuadernos. Serie investigaciones / Facultad de Ciencias de la Educación, Universidad Nacional de Entre Ríos</subfield>
      <subfield code="v">9</subfield>
    </datafield>
    <datafield tag="500" ind1=" " ind2=" ">
      <subfield code="a">Copy left: año tomado de Librosar</subfield>
    </datafield>
    <datafield tag="650" ind1=" " ind2=" ">
      <subfield code="a"> PSICOLOGIA DE LA ADOLESCENCIA</subfield>
    </datafield>
    <datafield tag="650" ind1=" " ind2=" ">
      <subfield code="a"> ADOLESCENCIA</subfield>
    </datafield>
    <datafield tag="650" ind1=" " ind2=" ">
      <subfield code="a"> RELACION PADRE</subfield>
    </datafield>
    <datafield tag="650" ind1=" " ind2=" ">
      <subfield code="a">HIJO</subfield>
    </datafield>
    <datafield tag="942" ind1=" " ind2=" ">
      <subfield code="c">BK</subfield>
    </datafield>
    <datafield tag="952" ind1=" " ind2=" ">
      <subfield code="a">BIB_RECT</subfield>
      <subfield code="b">BIB_UASJ</subfield>
      <subfield code="d">2012-11-08</subfield>
      <subfield code="y">BK</subfield>
      <subfield code="p">04-43448</subfield>
      <subfield code="i">04-43448</subfield>
      <subfield code="g">40</subfield>
      <subfield code="o">159.922.8 F141a</subfield>
      <subfield code="e">Donación Ossana, Edgardo (Rosario)</subfield>
      <subfield code="8">CG</subfield>
    </datafield>
  </record>