
  <record>
    <leader>01000aam  22002601a 4500</leader>
    <controlfield tag="001">YPZ96581</controlfield>
    <controlfield tag="003">YPZ</controlfield>
    <controlfield tag="005">201211191328000</controlfield>
    <controlfield tag="008">121119|###########||||||b||||||||||spa|d</controlfield>
    <datafield tag="020" ind1=" " ind2=" ">
      <subfield code="a">9789876791373</subfield>
    </datafield>
    <datafield tag="040" ind1=" " ind2=" ">
      <subfield code="c">SIUNPA</subfield>
    </datafield>
    <datafield tag="041" ind1=" " ind2=" ">
      <subfield code="a">spa</subfield>
    </datafield>
    <datafield tag="044" ind1=" " ind2=" ">
      <subfield code="a">AR</subfield>
    </datafield>
    <datafield tag="080" ind1=" " ind2=" ">
      <subfield code="a">551.583 K924c</subfield>
    </datafield>
    <datafield tag="100" ind1=" " ind2=" ">
      <subfield code="a">Kresps, Gastón.</subfield>
    </datafield>
    <datafield tag="700" ind1=" " ind2=" ">
      <subfield code="a">Martínez Pastur, Guillermo.</subfield>
    </datafield>
    <datafield tag="700" ind1=" " ind2=" ">
      <subfield code="a">Peri, Pablo Luis.</subfield>
    </datafield>
    <datafield tag="245" ind1=" " ind2=" ">
      <subfield code="a">Cambio climático en Patagonia Sur</subfield>
      <subfield code="b"> : escenarios futuros en el manejo de los recursos naturales</subfield>
    </datafield>
    <datafield tag="260" ind1=" " ind2=" ">
      <subfield code="a">Río Gallegos</subfield>
      <subfield code="b"> : EEA Santa Cruz, INTA</subfield>
      <subfield code="c"> , 2012</subfield>
    </datafield>
    <datafield tag="650" ind1=" " ind2=" ">
      <subfield code="a"> CAMBIO CLIMATICO</subfield>
    </datafield>
    <datafield tag="650" ind1=" " ind2=" ">
      <subfield code="a"> MANEJO DE LOS RECURSOS NATURALES</subfield>
    </datafield>
    <datafield tag="650" ind1=" " ind2=" ">
      <subfield code="a"> TIERRA DEL FIEGO (ARGENTINA) </subfield>
    </datafield>
    <datafield tag="650" ind1=" " ind2=" ">
      <subfield code="a"> REGION PATAGONICA</subfield>
    </datafield>
    <datafield tag="650" ind1=" " ind2=" ">
      <subfield code="a"> SANTA CRUZ (ARGENTINA)</subfield>
    </datafield>
    <datafield tag="942" ind1=" " ind2=" ">
      <subfield code="c">BK</subfield>
    </datafield>
    <datafield tag="952" ind1=" " ind2=" ">
      <subfield code="a">BIB_RECT</subfield>
      <subfield code="b">BIB_UACO</subfield>
      <subfield code="d">2012-11-19</subfield>
      <subfield code="y">BK</subfield>
      <subfield code="p">02-43545</subfield>
      <subfield code="i">02-43545</subfield>
      <subfield code="g">60</subfield>
      <subfield code="o">551.583 K924c</subfield>
      <subfield code="e">Donación Peri, Pablo</subfield>
      <subfield code="8">CG</subfield>
    </datafield>
    <datafield tag="952" ind1=" " ind2=" ">
      <subfield code="a">BIB_RECT</subfield>
      <subfield code="b">BIB_UACO</subfield>
      <subfield code="d">2012-11-19</subfield>
      <subfield code="y">BK</subfield>
      <subfield code="p">02-43546</subfield>
      <subfield code="i">02-43546</subfield>
      <subfield code="g">60</subfield>
      <subfield code="o">551.583 K924c</subfield>
      <subfield code="e">Donación Peri, Pablo</subfield>
      <subfield code="8">CG</subfield>
    </datafield>
    <datafield tag="952" ind1=" " ind2=" ">
      <subfield code="a">BIB_RECT</subfield>
      <subfield code="b">BIB_UART</subfield>
      <subfield code="d">2012-11-19</subfield>
      <subfield code="y">BK</subfield>
      <subfield code="p">03-43549</subfield>
      <subfield code="i">03-43549</subfield>
      <subfield code="g">60</subfield>
      <subfield code="o">551.583 K924c</subfield>
      <subfield code="e">Donación Peri, Pablo</subfield>
      <subfield code="8">CG</subfield>
    </datafield>
    <datafield tag="952" ind1=" " ind2=" ">
      <subfield code="a">BIB_RECT</subfield>
      <subfield code="b">BIB_UART</subfield>
      <subfield code="d">2012-11-19</subfield>
      <subfield code="y">BK</subfield>
      <subfield code="p">03-43550</subfield>
      <subfield code="i">03-43550</subfield>
      <subfield code="g">60</subfield>
      <subfield code="o">551.583 K924c</subfield>
      <subfield code="e">Donación Peri, Pablo</subfield>
      <subfield code="8">CG</subfield>
    </datafield>
    <datafield tag="952" ind1=" " ind2=" ">
      <subfield code="a">BIB_RECT</subfield>
      <subfield code="b">BIB_UASJ</subfield>
      <subfield code="d">2012-11-19</subfield>
      <subfield code="y">BK</subfield>
      <subfield code="p">04-43547</subfield>
      <subfield code="i">04-43547</subfield>
      <subfield code="g">60</subfield>
      <subfield code="o">551.583 K924c</subfield>
      <subfield code="e">Donación Peri, Pablo</subfield>
      <subfield code="8">CG</subfield>
    </datafield>
    <datafield tag="952" ind1=" " ind2=" ">
      <subfield code="a">BIB_RECT</subfield>
      <subfield code="b">BIB_UASJ</subfield>
      <subfield code="d">2012-11-19</subfield>
      <subfield code="y">BK</subfield>
      <subfield code="p">04-43548</subfield>
      <subfield code="i">04-43548</subfield>
      <subfield code="g">60</subfield>
      <subfield code="o">551.583 K924c</subfield>
      <subfield code="e">Donación Peri, Pablo</subfield>
      <subfield code="8">CG</subfield>
    </datafield>
    <datafield tag="952" ind1=" " ind2=" ">
      <subfield code="a">BIB_RECT</subfield>
      <subfield code="b">BIB_UARG</subfield>
      <subfield code="d">2012-11-19</subfield>
      <subfield code="y">BK</subfield>
      <subfield code="p">05-43551</subfield>
      <subfield code="i">05-43551</subfield>
      <subfield code="g">60</subfield>
      <subfield code="o">551.583 K924c</subfield>
      <subfield code="e">Donación Peri, Pablo</subfield>
      <subfield code="8">CG</subfield>
    </datafield>
    <datafield tag="952" ind1=" " ind2=" ">
      <subfield code="a">BIB_RECT</subfield>
      <subfield code="b">BIB_UARG</subfield>
      <subfield code="d">2012-11-19</subfield>
      <subfield code="y">BK</subfield>
      <subfield code="p">05-43552</subfield>
      <subfield code="i">05-43552</subfield>
      <subfield code="g">60</subfield>
      <subfield code="o">551.583 K924c</subfield>
      <subfield code="e">Donación Peri, Pablo</subfield>
      <subfield code="8">CG</subfield>
    </datafield>
  </record>