
  <record>
    <leader>01000aam  22002601a 4500</leader>
    <controlfield tag="001">YPZ96589</controlfield>
    <controlfield tag="003">YPZ</controlfield>
    <controlfield tag="005">201211191821420</controlfield>
    <controlfield tag="008">121119|###########||||||b||||||||||spa|d</controlfield>
    <datafield tag="020" ind1=" " ind2=" ">
      <subfield code="a">8448101278</subfield>
    </datafield>
    <datafield tag="040" ind1=" " ind2=" ">
      <subfield code="c">SIUNPA</subfield>
    </datafield>
    <datafield tag="041" ind1=" " ind2=" ">
      <subfield code="a">spa</subfield>
    </datafield>
    <datafield tag="044" ind1=" " ind2=" ">
      <subfield code="a">ES</subfield>
    </datafield>
    <datafield tag="080" ind1=" " ind2=" ">
      <subfield code="a">004.438 J88p2</subfield>
    </datafield>
    <datafield tag="100" ind1=" " ind2=" ">
      <subfield code="a">Joyanes Aguilar, Luis.</subfield>
    </datafield>
    <datafield tag="245" ind1=" " ind2=" ">
      <subfield code="a">Programación en Turbo Pascal</subfield>
      <subfield code="b"> : versiones 5.5,  6.0 y 7.0</subfield>
    </datafield>
    <datafield tag="250" ind1=" " ind2=" ">
      <subfield code="a">2a ed.</subfield>
    </datafield>
    <datafield tag="260" ind1=" " ind2=" ">
      <subfield code="a">Madrid</subfield>
      <subfield code="b"> : McGraw-Hill Interamericana</subfield>
      <subfield code="c"> , 1993</subfield>
    </datafield>
    <datafield tag="650" ind1=" " ind2=" ">
      <subfield code="a"> LENGUAJE DE PROGRAMACION</subfield>
    </datafield>
    <datafield tag="650" ind1=" " ind2=" ">
      <subfield code="a"> PROGRAMACION DE COMPUTADORA</subfield>
    </datafield>
    <datafield tag="650" ind1=" " ind2=" ">
      <subfield code="a"> LENGUAJE PASCAL</subfield>
    </datafield>
    <datafield tag="942" ind1=" " ind2=" ">
      <subfield code="c">BK</subfield>
    </datafield>
    <datafield tag="952" ind1=" " ind2=" ">
      <subfield code="a">BIB_RECT</subfield>
      <subfield code="b">BIB_UARG</subfield>
      <subfield code="d">2012-11-19</subfield>
      <subfield code="y">BK</subfield>
      <subfield code="p">05-07973</subfield>
      <subfield code="i">05-07973</subfield>
      <subfield code="g">150</subfield>
      <subfield code="o">004.438 J88p2</subfield>
      <subfield code="e">Proyecto Fomec 585</subfield>
      <subfield code="8">CG</subfield>
    </datafield>
    <datafield tag="952" ind1=" " ind2=" ">
      <subfield code="a">BIB_RECT</subfield>
      <subfield code="b">BIB_UARG</subfield>
      <subfield code="d">2012-11-19</subfield>
      <subfield code="y">BK</subfield>
      <subfield code="p">05-12619</subfield>
      <subfield code="i">05-12619</subfield>
      <subfield code="g">150</subfield>
      <subfield code="o">004.438 J88p2</subfield>
      <subfield code="e">Proyecto Fomec 585</subfield>
      <subfield code="8">CG</subfield>
    </datafield>
    <datafield tag="952" ind1=" " ind2=" ">
      <subfield code="a">BIB_RECT</subfield>
      <subfield code="b">BIB_UARG</subfield>
      <subfield code="d">2012-11-19</subfield>
      <subfield code="y">BK</subfield>
      <subfield code="p">05-12620</subfield>
      <subfield code="i">05-12620</subfield>
      <subfield code="g">150</subfield>
      <subfield code="o">004.438 J88p2</subfield>
      <subfield code="e">Proyecto Fomec 585</subfield>
      <subfield code="8">CG</subfield>
    </datafield>
    <datafield tag="952" ind1=" " ind2=" ">
      <subfield code="a">BIB_RECT</subfield>
      <subfield code="b">BIB_UARG</subfield>
      <subfield code="d">2012-11-19</subfield>
      <subfield code="y">BK</subfield>
      <subfield code="p">05-12621</subfield>
      <subfield code="i">05-12621</subfield>
      <subfield code="g">150</subfield>
      <subfield code="o">004.438 J88p2</subfield>
      <subfield code="e">Proyecto Fomec 585</subfield>
      <subfield code="8">CG</subfield>
    </datafield>
    <datafield tag="952" ind1=" " ind2=" ">
      <subfield code="a">BIB_RECT</subfield>
      <subfield code="b">BIB_UARG</subfield>
      <subfield code="d">2012-11-19</subfield>
      <subfield code="y">BK</subfield>
      <subfield code="p">05-13079</subfield>
      <subfield code="i">05-13079</subfield>
      <subfield code="g">150</subfield>
      <subfield code="o">004.438 J88p2</subfield>
      <subfield code="e">Proyecto Fomec 585</subfield>
      <subfield code="8">CG</subfield>
    </datafield>
    <datafield tag="952" ind1=" " ind2=" ">
      <subfield code="a">BIB_RECT</subfield>
      <subfield code="b">BIB_UARG</subfield>
      <subfield code="d">2012-11-19</subfield>
      <subfield code="y">BK</subfield>
      <subfield code="p">05-13317</subfield>
      <subfield code="i">05-13317</subfield>
      <subfield code="g">150</subfield>
      <subfield code="o">004.438 J88p2</subfield>
      <subfield code="e">Proyecto Fomec 585</subfield>
      <subfield code="8">CG</subfield>
    </datafield>
    <datafield tag="952" ind1=" " ind2=" ">
      <subfield code="a">BIB_RECT</subfield>
      <subfield code="b">BIB_UARG</subfield>
      <subfield code="d">2012-11-19</subfield>
      <subfield code="y">BK</subfield>
      <subfield code="p">05-13318</subfield>
      <subfield code="i">05-13318</subfield>
      <subfield code="g">150</subfield>
      <subfield code="o">004.438 J88p2</subfield>
      <subfield code="e">Proyecto Fomec 585</subfield>
      <subfield code="8">CG</subfield>
    </datafield>
  </record>