
  <record>
    <leader>01000aam  22002601a 4500</leader>
    <controlfield tag="001">YPZ96593</controlfield>
    <controlfield tag="003">YPZ</controlfield>
    <controlfield tag="005">201211201337220</controlfield>
    <controlfield tag="008">121120|###########||||||b||||||||||spa|d</controlfield>
    <datafield tag="020" ind1=" " ind2=" ">
      <subfield code="a">9789505637331</subfield>
    </datafield>
    <datafield tag="040" ind1=" " ind2=" ">
      <subfield code="c">SIUNPA</subfield>
    </datafield>
    <datafield tag="041" ind1=" " ind2=" ">
      <subfield code="a">spa</subfield>
    </datafield>
    <datafield tag="044" ind1=" " ind2=" ">
      <subfield code="a">AR</subfield>
    </datafield>
    <datafield tag="080" ind1=" " ind2=" ">
      <subfield code="a">791.43-92 C574c</subfield>
    </datafield>
    <datafield tag="245" ind1=" " ind2=" ">
      <subfield code="a">El cine de lo real</subfield>
      <subfield code="c"> / Labaki, Amir, comp. ; Mourão, María Dora, comp. ; Calvo, Roxana, tr. ; Carrizo, Silvina, tr. ; De Bin, Emiliano, tr. ; Labado, Silvia, tr.</subfield>
    </datafield>
    <datafield tag="250" ind1=" " ind2=" ">
      <subfield code="a">1a ed.</subfield>
    </datafield>
    <datafield tag="260" ind1=" " ind2=" ">
      <subfield code="a">Buenos Aires</subfield>
      <subfield code="b"> : Colihue</subfield>
      <subfield code="c"> , 2011</subfield>
    </datafield>
    <datafield tag="650" ind1=" " ind2=" ">
      <subfield code="a"> CINE DOCUMENTAL</subfield>
    </datafield>
    <datafield tag="942" ind1=" " ind2=" ">
      <subfield code="c">BK</subfield>
    </datafield>
    <datafield tag="952" ind1=" " ind2=" ">
      <subfield code="a">BIB_RECT</subfield>
      <subfield code="b">BIB_UARG</subfield>
      <subfield code="d">2012-11-20</subfield>
      <subfield code="y">BK</subfield>
      <subfield code="p">05-43562</subfield>
      <subfield code="i">05-43562</subfield>
      <subfield code="g">50</subfield>
      <subfield code="o">791.43-92 C574c</subfield>
      <subfield code="e">PI 29/A264</subfield>
      <subfield code="8">CG</subfield>
    </datafield>
  </record>