
  <record>
    <leader>01000aam  22002601a 4500</leader>
    <controlfield tag="001">YPZ96597</controlfield>
    <controlfield tag="003">YPZ</controlfield>
    <controlfield tag="005">201211201725470</controlfield>
    <controlfield tag="008">121120|###########||||||b||||||||||spa|d</controlfield>
    <datafield tag="020" ind1=" " ind2=" ">
      <subfield code="a">9506951489</subfield>
    </datafield>
    <datafield tag="040" ind1=" " ind2=" ">
      <subfield code="c">SIUNPA</subfield>
    </datafield>
    <datafield tag="041" ind1=" " ind2=" ">
      <subfield code="a">spa</subfield>
    </datafield>
    <datafield tag="044" ind1=" " ind2=" ">
      <subfield code="a">AR</subfield>
    </datafield>
    <datafield tag="080" ind1=" " ind2=" ">
      <subfield code="a">821.134.2(82)</subfield>
    </datafield>
    <datafield tag="100" ind1=" " ind2=" ">
      <subfield code="a">Almafuerte, seud..</subfield>
    </datafield>
    <datafield tag="700" ind1=" " ind2=" ">
      <subfield code="a">Palacios, Pedro Bonifacio.</subfield>
    </datafield>
    <datafield tag="245" ind1=" " ind2=" ">
      <subfield code="a">Poesías</subfield>
    </datafield>
    <datafield tag="260" ind1=" " ind2=" ">
      <subfield code="a">Buenos Aires</subfield>
      <subfield code="b"> : Losada</subfield>
      <subfield code="c"> , 1994</subfield>
    </datafield>
    <datafield tag="440" ind1=" " ind2=" ">
      <subfield code="a">A oscuras</subfield>
      <subfield code="a">Bordes Manantial</subfield>
      <subfield code="a">Bordes Manantial</subfield>
      <subfield code="a">Biblioteca Página/12</subfield>
      <subfield code="v">63</subfield>
    </datafield>
    <datafield tag="490" ind1=" " ind2=" ">
      <subfield code="a">A oscuras</subfield>
      <subfield code="a">Bordes Manantial</subfield>
      <subfield code="a">Bordes Manantial</subfield>
      <subfield code="a">Biblioteca Página/12</subfield>
      <subfield code="v">63</subfield>
    </datafield>
    <datafield tag="650" ind1=" " ind2=" ">
      <subfield code="a"> LITERATURA ARGENTINA</subfield>
    </datafield>
    <datafield tag="650" ind1=" " ind2=" ">
      <subfield code="a"> POESIA</subfield>
    </datafield>
    <datafield tag="942" ind1=" " ind2=" ">
      <subfield code="c">BK</subfield>
    </datafield>
    <datafield tag="952" ind1=" " ind2=" ">
      <subfield code="a">BIB_RECT</subfield>
      <subfield code="b">BIB_UARG</subfield>
      <subfield code="d">2012-11-20</subfield>
      <subfield code="y">BK</subfield>
      <subfield code="p">05-10027</subfield>
      <subfield code="i">05-10027</subfield>
      <subfield code="g">15</subfield>
      <subfield code="o">821.134.2(82)</subfield>
      <subfield code="e">Prof. Servato, Patricia</subfield>
      <subfield code="8">CG</subfield>
    </datafield>
  </record>