
  <record>
    <leader>01000aam  22002601a 4500</leader>
    <controlfield tag="001">YPZ96616</controlfield>
    <controlfield tag="003">YPZ</controlfield>
    <controlfield tag="005">201211221654450</controlfield>
    <controlfield tag="008">121122|###########||||||b||||||||||spa|d</controlfield>
    <datafield tag="040" ind1=" " ind2=" ">
      <subfield code="c">SIUNPA</subfield>
    </datafield>
    <datafield tag="041" ind1=" " ind2=" ">
      <subfield code="a">spa</subfield>
    </datafield>
    <datafield tag="044" ind1=" " ind2=" ">
      <subfield code="a">ES</subfield>
    </datafield>
    <datafield tag="080" ind1=" " ind2=" ">
      <subfield code="a">394.3 H911h2</subfield>
    </datafield>
    <datafield tag="100" ind1=" " ind2=" ">
      <subfield code="a">Huizinga, Johan.</subfield>
    </datafield>
    <datafield tag="245" ind1=" " ind2=" ">
      <subfield code="a">Homo ludens</subfield>
      <subfield code="c"> / Imaz, Eugenio, tr.</subfield>
    </datafield>
    <datafield tag="250" ind1=" " ind2=" ">
      <subfield code="a">2a ed.</subfield>
    </datafield>
    <datafield tag="260" ind1=" " ind2=" ">
      <subfield code="a">Buenos Aires</subfield>
      <subfield code="b"> : Emecé</subfield>
      <subfield code="c"> , 1968</subfield>
    </datafield>
    <datafield tag="650" ind1=" " ind2=" ">
      <subfield code="a"> JUEGO</subfield>
    </datafield>
    <datafield tag="650" ind1=" " ind2=" ">
      <subfield code="a"> FILOSOFIA CULTURAL</subfield>
    </datafield>
    <datafield tag="650" ind1=" " ind2=" ">
      <subfield code="a"> ETNOLOGIA</subfield>
    </datafield>
    <datafield tag="942" ind1=" " ind2=" ">
      <subfield code="c">BK</subfield>
    </datafield>
    <datafield tag="952" ind1=" " ind2=" ">
      <subfield code="a">BIB_RECT</subfield>
      <subfield code="b">BIB_UARG</subfield>
      <subfield code="d">2012-11-22</subfield>
      <subfield code="y">BK</subfield>
      <subfield code="p">05-04102</subfield>
      <subfield code="i">05-04102</subfield>
      <subfield code="g">69</subfield>
      <subfield code="o">394.3 H911h2</subfield>
      <subfield code="e">Donación Luque, Elida</subfield>
      <subfield code="8">CG</subfield>
    </datafield>
  </record>