
  <record>
    <leader>01000aam  22002601a 4500</leader>
    <controlfield tag="001">YPZ96617</controlfield>
    <controlfield tag="003">YPZ</controlfield>
    <controlfield tag="005">201211221705300</controlfield>
    <controlfield tag="008">121122|###########||||||b||||||||||spa|d</controlfield>
    <datafield tag="040" ind1=" " ind2=" ">
      <subfield code="c">SIUNPA</subfield>
    </datafield>
    <datafield tag="041" ind1=" " ind2=" ">
      <subfield code="a">spa</subfield>
    </datafield>
    <datafield tag="044" ind1=" " ind2=" ">
      <subfield code="a">ES</subfield>
    </datafield>
    <datafield tag="080" ind1=" " ind2=" ">
      <subfield code="a">316.334.2 M322h9</subfield>
    </datafield>
    <datafield tag="100" ind1=" " ind2=" ">
      <subfield code="a">Marcuse, Herbert.</subfield>
    </datafield>
    <datafield tag="245" ind1=" " ind2=" ">
      <subfield code="a">El hombre unidimensional</subfield>
      <subfield code="b"> : ensayo sobre la ideología de la sociedad industrial avanzada</subfield>
      <subfield code="c"> / Elorza, Antonio, tr.</subfield>
    </datafield>
    <datafield tag="250" ind1=" " ind2=" ">
      <subfield code="a">9a ed.</subfield>
    </datafield>
    <datafield tag="260" ind1=" " ind2=" ">
      <subfield code="a">Barcelona</subfield>
      <subfield code="b"> : Seix Barral</subfield>
      <subfield code="c"> , 1972</subfield>
    </datafield>
    <datafield tag="440" ind1=" " ind2=" ">
      <subfield code="a">La escuela en el tiempo. Manuales de Eudeba / Educación</subfield>
      <subfield code="a">Manuales de Eudeba. Ciencias Naturales</subfield>
      <subfield code="a">Colección piragua. Ensayos</subfield>
      <subfield code="a">Biblioteca breve de bolsillo. Libros de enlace</subfield>
      <subfield code="v">24</subfield>
    </datafield>
    <datafield tag="490" ind1=" " ind2=" ">
      <subfield code="a">La escuela en el tiempo. Manuales de Eudeba / Educación</subfield>
      <subfield code="a">Manuales de Eudeba. Ciencias Naturales</subfield>
      <subfield code="a">Colección piragua. Ensayos</subfield>
      <subfield code="a">Biblioteca breve de bolsillo. Libros de enlace</subfield>
      <subfield code="v">24</subfield>
    </datafield>
    <datafield tag="650" ind1=" " ind2=" ">
      <subfield code="a"> SOCIEDAD INDUSTRIAL</subfield>
    </datafield>
    <datafield tag="650" ind1=" " ind2=" ">
      <subfield code="a"> SOCIOLOGIA</subfield>
    </datafield>
    <datafield tag="650" ind1=" " ind2=" ">
      <subfield code="a"> POLITICA LABORAL</subfield>
    </datafield>
    <datafield tag="942" ind1=" " ind2=" ">
      <subfield code="c">BK</subfield>
    </datafield>
    <datafield tag="952" ind1=" " ind2=" ">
      <subfield code="a">BIB_RECT</subfield>
      <subfield code="b">BIB_UARG</subfield>
      <subfield code="d">2012-11-22</subfield>
      <subfield code="y">BK</subfield>
      <subfield code="p">05-02941</subfield>
      <subfield code="i">05-02941</subfield>
      <subfield code="g">79</subfield>
      <subfield code="o">316.334.2 M322h9</subfield>
      <subfield code="e">Donación</subfield>
      <subfield code="8">CG</subfield>
    </datafield>
  </record>