
  <record>
    <leader>01000aam  22002601a 4500</leader>
    <controlfield tag="001">YPZ96640</controlfield>
    <controlfield tag="003">YPZ</controlfield>
    <controlfield tag="005">201211281338340</controlfield>
    <controlfield tag="008">121128|###########||||||b||||||||||spa|d</controlfield>
    <datafield tag="020" ind1=" " ind2=" ">
      <subfield code="a">9789871486182</subfield>
    </datafield>
    <datafield tag="040" ind1=" " ind2=" ">
      <subfield code="c">SIUNPA</subfield>
    </datafield>
    <datafield tag="041" ind1=" " ind2=" ">
      <subfield code="a">eng</subfield>
    </datafield>
    <datafield tag="044" ind1=" " ind2=" ">
      <subfield code="a">ES</subfield>
    </datafield>
    <datafield tag="080" ind1=" " ind2=" ">
      <subfield code="a">004.72 H417c3</subfield>
    </datafield>
    <datafield tag="100" ind1=" " ind2=" ">
      <subfield code="a">Hayes, Jim.</subfield>
    </datafield>
    <datafield tag="700" ind1=" " ind2=" ">
      <subfield code="a">Rosenberg, Paul.</subfield>
    </datafield>
    <datafield tag="245" ind1=" " ind2=" ">
      <subfield code="a">Cableado de redes para voz, video y datos</subfield>
      <subfield code="b"> : planificación, diseño y construcción. Tercera edición</subfield>
      <subfield code="c"> / Studio DAV, tr. ; Pisciotta, Néstor Oscar, rev. técnica ; Echeverrría, Raúl Eduardo, rev. técnica</subfield>
    </datafield>
    <datafield tag="250" ind1=" " ind2=" ">
      <subfield code="a">3a ed.</subfield>
    </datafield>
    <datafield tag="260" ind1=" " ind2=" ">
      <subfield code="a">Buenos Aires</subfield>
      <subfield code="b"> : Cengage Learning</subfield>
      <subfield code="c"> , 2008</subfield>
    </datafield>
    <datafield tag="650" ind1=" " ind2=" ">
      <subfield code="a"> TELECOMUNICACIONES  DISEÑO DE REDES</subfield>
    </datafield>
    <datafield tag="650" ind1=" " ind2=" ">
      <subfield code="a"> CABLEADO ESTRUCTURADO</subfield>
    </datafield>
    <datafield tag="650" ind1=" " ind2=" ">
      <subfield code="a"> CABLES DE TELECOMUNICACION</subfield>
    </datafield>
    <datafield tag="650" ind1=" " ind2=" ">
      <subfield code="a"> REDES DE COMUNICACION</subfield>
    </datafield>
    <datafield tag="942" ind1=" " ind2=" ">
      <subfield code="c">BK</subfield>
    </datafield>
    <datafield tag="952" ind1=" " ind2=" ">
      <subfield code="a">BIB_RECT</subfield>
      <subfield code="b">BIB_UARG</subfield>
      <subfield code="d">2012-11-28</subfield>
      <subfield code="y">BK</subfield>
      <subfield code="p">05-43593</subfield>
      <subfield code="i">05-43593</subfield>
      <subfield code="g">152</subfield>
      <subfield code="o">004.72 H417c3</subfield>
      <subfield code="e">Compra SIUNPA 058/12</subfield>
      <subfield code="8">CG</subfield>
    </datafield>
    <datafield tag="952" ind1=" " ind2=" ">
      <subfield code="a">BIB_RECT</subfield>
      <subfield code="b">BIB_UARG</subfield>
      <subfield code="d">2012-11-28</subfield>
      <subfield code="y">BK</subfield>
      <subfield code="p">05-43594</subfield>
      <subfield code="i">05-43594</subfield>
      <subfield code="g">159</subfield>
      <subfield code="o">004.72 H417c3</subfield>
      <subfield code="e">Compra SIUNPA 058/12</subfield>
      <subfield code="8">CG</subfield>
    </datafield>
  </record>