
  <record>
    <leader>01000aam  22002601a 4500</leader>
    <controlfield tag="001">YPZ96643</controlfield>
    <controlfield tag="003">YPZ</controlfield>
    <controlfield tag="005">201211281402540</controlfield>
    <controlfield tag="008">121128|###########||||||b||||||||||spa|d</controlfield>
    <datafield tag="020" ind1=" " ind2=" ">
      <subfield code="a">9781420080735</subfield>
    </datafield>
    <datafield tag="040" ind1=" " ind2=" ">
      <subfield code="c">SIUNPA</subfield>
    </datafield>
    <datafield tag="041" ind1=" " ind2=" ">
      <subfield code="a">eng</subfield>
    </datafield>
    <datafield tag="044" ind1=" " ind2=" ">
      <subfield code="a">US</subfield>
    </datafield>
    <datafield tag="080" ind1=" " ind2=" ">
      <subfield code="a">004.415.53 L677s3</subfield>
    </datafield>
    <datafield tag="100" ind1=" " ind2=" ">
      <subfield code="a">Lewis, William E..</subfield>
    </datafield>
    <datafield tag="245" ind1=" " ind2=" ">
      <subfield code="a">Software testing and continuous quality improvement</subfield>
      <subfield code="c"> / Dobbs, David, technical contributor ; Veerapillai, Gunasekaran, technical contributor</subfield>
    </datafield>
    <datafield tag="250" ind1=" " ind2=" ">
      <subfield code="a">3rd ed.</subfield>
    </datafield>
    <datafield tag="260" ind1=" " ind2=" ">
      <subfield code="a">Boca Raton, Fla.</subfield>
      <subfield code="b"> : CRC press</subfield>
      <subfield code="c"> , 2009</subfield>
    </datafield>
    <datafield tag="300" ind1=" " ind2=" ">
      <subfield code="a">xv, 1558 p. : </subfield>
      <subfield code="b">il. ; </subfield>
      <subfield code="a">228 p. : </subfield>
      <subfield code="b">il. ; </subfield>
      <subfield code="a">391 p. : </subfield>
      <subfield code="a">172 p. : </subfield>
      <subfield code="a">v. : </subfield>
      <subfield code="a">93 p. : </subfield>
      <subfield code="a">279 p. : </subfield>
      <subfield code="a">279 p. : </subfield>
      <subfield code="a">331 p. : </subfield>
      <subfield code="a">488 p. : </subfield>
      <subfield code="b">il. ; </subfield>
      <subfield code="a">106 p. : </subfield>
      <subfield code="b">il. ; </subfield>
      <subfield code="a">2 v. : </subfield>
      <subfield code="a">76 p. : </subfield>
      <subfield code="a">30 p. : </subfield>
      <subfield code="a">32 p. : </subfield>
      <subfield code="a">32 p. : </subfield>
      <subfield code="a">xi, 356 p. : </subfield>
      <subfield code="a">138 p. : </subfield>
      <subfield code="a">600 p. : </subfield>
      <subfield code="a">600 p. : </subfield>
      <subfield code="a">335 p. : </subfield>
      <subfield code="a">xiv, 195 p. : </subfield>
      <subfield code="b">il. ; </subfield>
      <subfield code="a">305 p. : </subfield>
      <subfield code="a">286 p. : </subfield>
      <subfield code="a">150  p. : </subfield>
      <subfield code="a">332 p. : </subfield>
      <subfield code="a">253 p. : </subfield>
      <subfield code="a">62 p. : </subfield>
      <subfield code="b">il. ; </subfield>
      <subfield code="a">431 p. : </subfield>
      <subfield code="a">189 p. : </subfield>
      <subfield code="b">il. ; </subfield>
      <subfield code="a">175 p. : </subfield>
      <subfield code="a">xxv, 533 p. : </subfield>
      <subfield code="a">391 p. : </subfield>
      <subfield code="a">533 p. : </subfield>
      <subfield code="b">il ; </subfield>
      <subfield code="a">419 p. : </subfield>
      <subfield code="b">il. ; </subfield>
      <subfield code="a">xii, 444 p. : </subfield>
      <subfield code="b">il. ; </subfield>
      <subfield code="a">xxiii, 618 p. : </subfield>
      <subfield code="b">il. ; </subfield>
      <subfield code="a">xii, 430 p. : </subfield>
      <subfield code="b">il. ; </subfield>
      <subfield code="a">xv, 562 p. : </subfield>
      <subfield code="b">il. ; </subfield>
      <subfield code="a">xxxvi, 2 v. : </subfield>
      <subfield code="b">il. ; </subfield>
      <subfield code="a">xi, 240 p. : </subfield>
      <subfield code="b">il. ; </subfield>
      <subfield code="a">52 p. : </subfield>
      <subfield code="a">xiv, 414 p. : </subfield>
      <subfield code="b">il. ; </subfield>
      <subfield code="a">xviii, 363 p. : </subfield>
      <subfield code="b">il. ; </subfield>
      <subfield code="a">xvi, 558 p. : </subfield>
      <subfield code="a">xiv, 318 p. : </subfield>
      <subfield code="b">il. ; </subfield>
      <subfield code="a">xxi, 673 p. : </subfield>
      <subfield code="b">il. ; </subfield>
      <subfield code="a">xvi, 751 p. : </subfield>
      <subfield code="b">il. ; </subfield>
      <subfield code="a">xxvii, 655 p. : </subfield>
      <subfield code="b">il. ; </subfield>
      <subfield code="e">1 CD-ROM en bolsillo</subfield>
    </datafield>
    <datafield tag="650" ind1=" " ind2=" ">
      <subfield code="a"> TESTEO DE SOFTWARE</subfield>
    </datafield>
    <datafield tag="650" ind1=" " ind2=" ">
      <subfield code="a"> ENSAYO DE SOFTWARE</subfield>
    </datafield>
    <datafield tag="650" ind1=" " ind2=" ">
      <subfield code="a"> CALIDAD DEL SOFTWARE</subfield>
    </datafield>
    <datafield tag="942" ind1=" " ind2=" ">
      <subfield code="c">BK</subfield>
    </datafield>
    <datafield tag="952" ind1=" " ind2=" ">
      <subfield code="a">BIB_RECT</subfield>
      <subfield code="b">BIB_UARG</subfield>
      <subfield code="d">2012-11-23</subfield>
      <subfield code="y">BK</subfield>
      <subfield code="p">05-43579</subfield>
      <subfield code="i">05-43579</subfield>
      <subfield code="g">433</subfield>
      <subfield code="o">004.415.53 L677s3</subfield>
      <subfield code="e">Compra SIUNPA</subfield>
      <subfield code="8">CG</subfield>
    </datafield>
    <datafield tag="952" ind1=" " ind2=" ">
      <subfield code="a">BIB_RECT</subfield>
      <subfield code="b">BIB_UARG</subfield>
      <subfield code="d">2012-11-23</subfield>
      <subfield code="y">BK</subfield>
      <subfield code="p">05-43580</subfield>
      <subfield code="i">05-43580</subfield>
      <subfield code="g">433</subfield>
      <subfield code="o">004.415.53 L677s3</subfield>
      <subfield code="e">Compra SIUNPA</subfield>
      <subfield code="8">CG</subfield>
    </datafield>
    <datafield tag="952" ind1=" " ind2=" ">
      <subfield code="a">BIB_RECT</subfield>
      <subfield code="b">BIB_UARG</subfield>
      <subfield code="d">2013-03-13</subfield>
      <subfield code="y">BK</subfield>
      <subfield code="p">05-44207</subfield>
      <subfield code="i">05-44207</subfield>
      <subfield code="g">438</subfield>
      <subfield code="o">004.415.53 L677s3</subfield>
      <subfield code="e">Compra SIUNPA</subfield>
      <subfield code="8">CG</subfield>
    </datafield>
  </record>