
  <record>
    <leader>01000aam  22002601a 4500</leader>
    <controlfield tag="001">YPZ96650</controlfield>
    <controlfield tag="003">YPZ</controlfield>
    <controlfield tag="005">201211291417400</controlfield>
    <controlfield tag="008">121129|###########||||||b||||||||||spa|d</controlfield>
    <datafield tag="020" ind1=" " ind2=" ">
      <subfield code="a">9502501357</subfield>
    </datafield>
    <datafield tag="040" ind1=" " ind2=" ">
      <subfield code="c">SIUNPA</subfield>
    </datafield>
    <datafield tag="041" ind1=" " ind2=" ">
      <subfield code="a">spa</subfield>
    </datafield>
    <datafield tag="044" ind1=" " ind2=" ">
      <subfield code="a">AR</subfield>
    </datafield>
    <datafield tag="080" ind1=" " ind2=" ">
      <subfield code="a">338.1(82) B928b</subfield>
    </datafield>
    <datafield tag="245" ind1=" " ind2=" ">
      <subfield code="a">Buenos Aires y la aduana, 1809-1862</subfield>
      <subfield code="c"> / Bejar, María Dolores, selección y pról.</subfield>
    </datafield>
    <datafield tag="260" ind1=" " ind2=" ">
      <subfield code="a">Buenos Aires</subfield>
      <subfield code="b"> : Centro Editor de América Latina</subfield>
      <subfield code="c"> , 1984</subfield>
    </datafield>
    <datafield tag="440" ind1=" " ind2=" ">
      <subfield code="a">Biblioteca filosófica</subfield>
      <subfield code="a">Biblioteca el hombre y su sombra. La vida de la ciencia</subfield>
      <subfield code="a">Biblioteca de Filosofía</subfield>
      <subfield code="a">Temas / Eudeba</subfield>
      <subfield code="a">Software Quality Institute series</subfield>
      <subfield code="a">Cuadernos Aique Rei IDEAS</subfield>
      <subfield code="a">Theory and applications of transport in porous media</subfield>
      <subfield code="a">Cuadernos Aique Rei IDEAS</subfield>
      <subfield code="a">SEI Series in Software Engineering</subfield>
      <subfield code="a">Biblioteca de bolsillo / lbéricas</subfield>
      <subfield code="a">Historia testimonial argentina. Documentos vivos de nuestro pasado</subfield>
      <subfield code="v">15</subfield>
    </datafield>
    <datafield tag="490" ind1=" " ind2=" ">
      <subfield code="a">Biblioteca filosófica</subfield>
      <subfield code="a">Biblioteca el hombre y su sombra. La vida de la ciencia</subfield>
      <subfield code="a">Biblioteca de Filosofía</subfield>
      <subfield code="a">Temas / Eudeba</subfield>
      <subfield code="a">Software Quality Institute series</subfield>
      <subfield code="a">Cuadernos Aique Rei IDEAS</subfield>
      <subfield code="a">Theory and applications of transport in porous media</subfield>
      <subfield code="a">Cuadernos Aique Rei IDEAS</subfield>
      <subfield code="a">SEI Series in Software Engineering</subfield>
      <subfield code="a">Biblioteca de bolsillo / lbéricas</subfield>
      <subfield code="a">Historia testimonial argentina. Documentos vivos de nuestro pasado</subfield>
      <subfield code="v">15</subfield>
    </datafield>
    <datafield tag="500" ind1=" " ind2=" ">
      <subfield code="a">Tít. de partida: Políticas económicas</subfield>
    </datafield>
    <datafield tag="650" ind1=" " ind2=" ">
      <subfield code="a"> ECONOMIA ARGENTINA  HISTORIA ARGENTINA</subfield>
    </datafield>
    <datafield tag="650" ind1=" " ind2=" ">
      <subfield code="a"> POLITICA FISCAL </subfield>
    </datafield>
    <datafield tag="650" ind1=" " ind2=" ">
      <subfield code="a"> SIGLO XIX</subfield>
    </datafield>
    <datafield tag="650" ind1=" " ind2=" ">
      <subfield code="a"> POLITICA ECONOMICA</subfield>
    </datafield>
    <datafield tag="650" ind1=" " ind2=" ">
      <subfield code="a"> COMERCIO EXTERIOR</subfield>
    </datafield>
    <datafield tag="942" ind1=" " ind2=" ">
      <subfield code="c">BK</subfield>
    </datafield>
    <datafield tag="952" ind1=" " ind2=" ">
      <subfield code="a">BIB_RECT</subfield>
      <subfield code="b">BIB_UARG</subfield>
      <subfield code="d">2012-11-23</subfield>
      <subfield code="y">BK</subfield>
      <subfield code="p">05-03760</subfield>
      <subfield code="i">05-03760</subfield>
      <subfield code="g">40</subfield>
      <subfield code="o">338.1(82) B928b</subfield>
      <subfield code="e">Donación</subfield>
      <subfield code="8">CG</subfield>
    </datafield>
    <datafield tag="952" ind1=" " ind2=" ">
      <subfield code="a">BIB_RECT</subfield>
      <subfield code="b">BIB_UARG</subfield>
      <subfield code="d">2012-11-23</subfield>
      <subfield code="y">BK</subfield>
      <subfield code="p">05-04907</subfield>
      <subfield code="i">05-04907</subfield>
      <subfield code="g">40</subfield>
      <subfield code="o">338.1(82) B928b</subfield>
      <subfield code="e">MigracionUARG</subfield>
      <subfield code="8">CG</subfield>
    </datafield>
  </record>