
  <record>
    <leader>01000aam  22002601a 4500</leader>
    <controlfield tag="001">YPZ96681</controlfield>
    <controlfield tag="003">YPZ</controlfield>
    <controlfield tag="005">201212051702090</controlfield>
    <controlfield tag="008">121205|###########||||||b||||||||||spa|d</controlfield>
    <datafield tag="020" ind1=" " ind2=" ">
      <subfield code="a">9789876790796</subfield>
    </datafield>
    <datafield tag="040" ind1=" " ind2=" ">
      <subfield code="c">SIUNPA</subfield>
    </datafield>
    <datafield tag="041" ind1=" " ind2=" ">
      <subfield code="a">spa</subfield>
    </datafield>
    <datafield tag="044" ind1=" " ind2=" ">
      <subfield code="a">AR</subfield>
    </datafield>
    <datafield tag="080" ind1=" " ind2=" ">
      <subfield code="a">631.67 E826e</subfield>
    </datafield>
    <datafield tag="100" ind1=" " ind2=" ">
      <subfield code="a">Miranda, Omar, ed..</subfield>
    </datafield>
    <datafield tag="245" ind1=" " ind2=" ">
      <subfield code="a">Estudios sociales del riego en la agricultura argentina</subfield>
    </datafield>
    <datafield tag="260" ind1=" " ind2=" ">
      <subfield code="a">Buenos Aires</subfield>
      <subfield code="b"> : Instituto Nacional de Tecnología Agropecuaria, INTA</subfield>
      <subfield code="c"> , 2011</subfield>
    </datafield>
    <datafield tag="650" ind1=" " ind2=" ">
      <subfield code="a"> RIEGO  SOCIOLOGIA RURAL  AGUA DE RIEGO</subfield>
    </datafield>
    <datafield tag="650" ind1=" " ind2=" ">
      <subfield code="a"> AGRICULTURA DE RIEGO</subfield>
    </datafield>
    <datafield tag="650" ind1=" " ind2=" ">
      <subfield code="a"> ARGENTINA</subfield>
    </datafield>
    <datafield tag="942" ind1=" " ind2=" ">
      <subfield code="c">BK</subfield>
    </datafield>
    <datafield tag="952" ind1=" " ind2=" ">
      <subfield code="a">BIB_RECT</subfield>
      <subfield code="b">BIB_UART</subfield>
      <subfield code="d">2012-12-05</subfield>
      <subfield code="y">BK</subfield>
      <subfield code="p">03-43600</subfield>
      <subfield code="i">03-43600</subfield>
      <subfield code="g">90</subfield>
      <subfield code="o">631.67 E826e</subfield>
      <subfield code="e">Canje y donación SIUNPA</subfield>
      <subfield code="8">CG</subfield>
    </datafield>
  </record>