
  <record>
    <leader>01000aam  22002601a 4500</leader>
    <controlfield tag="001">YPZ96760</controlfield>
    <controlfield tag="003">YPZ</controlfield>
    <controlfield tag="005">201212141713060</controlfield>
    <controlfield tag="008">121214|###########||||||b||||||||||spa|d</controlfield>
    <datafield tag="020" ind1=" " ind2=" ">
      <subfield code="a">9502300874</subfield>
    </datafield>
    <datafield tag="040" ind1=" " ind2=" ">
      <subfield code="c">SIUNPA</subfield>
    </datafield>
    <datafield tag="041" ind1=" " ind2=" ">
      <subfield code="a">spa</subfield>
    </datafield>
    <datafield tag="044" ind1=" " ind2=" ">
      <subfield code="a">AR</subfield>
    </datafield>
    <datafield tag="080" ind1=" " ind2=" ">
      <subfield code="a">551.46 P199i3</subfield>
    </datafield>
    <datafield tag="100" ind1=" " ind2=" ">
      <subfield code="a">Panzarini, Rodolfo N..</subfield>
    </datafield>
    <datafield tag="245" ind1=" " ind2=" ">
      <subfield code="a">Introducción a la oceanografía general</subfield>
    </datafield>
    <datafield tag="250" ind1=" " ind2=" ">
      <subfield code="a">3a ed.</subfield>
    </datafield>
    <datafield tag="260" ind1=" " ind2=" ">
      <subfield code="a">Buenos Aires</subfield>
      <subfield code="b"> : Eudeba</subfield>
      <subfield code="c"> , 1984</subfield>
    </datafield>
    <datafield tag="650" ind1=" " ind2=" ">
      <subfield code="a"> OCEANOGRAFIA</subfield>
    </datafield>
    <datafield tag="942" ind1=" " ind2=" ">
      <subfield code="c">BK</subfield>
    </datafield>
    <datafield tag="952" ind1=" " ind2=" ">
      <subfield code="a">BIB_RECT</subfield>
      <subfield code="b">BIB_UARG</subfield>
      <subfield code="d">2012-12-12</subfield>
      <subfield code="y">BK</subfield>
      <subfield code="p">05-10008</subfield>
      <subfield code="i">05-10008</subfield>
      <subfield code="g">70</subfield>
      <subfield code="o">551.46 P199i3</subfield>
      <subfield code="e">Desconocido</subfield>
      <subfield code="8">CG</subfield>
    </datafield>
    <datafield tag="952" ind1=" " ind2=" ">
      <subfield code="a">BIB_RECT</subfield>
      <subfield code="b">BIB_UARG</subfield>
      <subfield code="d">2012-12-12</subfield>
      <subfield code="y">BK</subfield>
      <subfield code="p">05-14842</subfield>
      <subfield code="i">05-14842</subfield>
      <subfield code="g">70</subfield>
      <subfield code="o">551.46 P199i3</subfield>
      <subfield code="e">Desconocido</subfield>
      <subfield code="8">CG</subfield>
    </datafield>
    <datafield tag="952" ind1=" " ind2=" ">
      <subfield code="a">BIB_RECT</subfield>
      <subfield code="b">BIB_UARG</subfield>
      <subfield code="d">2012-12-12</subfield>
      <subfield code="y">BK</subfield>
      <subfield code="p">05-14843</subfield>
      <subfield code="i">05-14843</subfield>
      <subfield code="g">70</subfield>
      <subfield code="o">551.46 P199i3</subfield>
      <subfield code="e">Desconocido</subfield>
      <subfield code="8">CG</subfield>
    </datafield>
    <datafield tag="952" ind1=" " ind2=" ">
      <subfield code="a">BIB_RECT</subfield>
      <subfield code="b">BIB_UARG</subfield>
      <subfield code="d">2012-12-12</subfield>
      <subfield code="y">BK</subfield>
      <subfield code="p">05-14844</subfield>
      <subfield code="i">05-14844</subfield>
      <subfield code="g">70</subfield>
      <subfield code="o">551.46 P199i3</subfield>
      <subfield code="e">Desconocido</subfield>
      <subfield code="8">CG</subfield>
    </datafield>
    <datafield tag="952" ind1=" " ind2=" ">
      <subfield code="a">BIB_RECT</subfield>
      <subfield code="b">BIB_UARG</subfield>
      <subfield code="d">2012-12-12</subfield>
      <subfield code="y">BK</subfield>
      <subfield code="p">05-15542</subfield>
      <subfield code="i">05-15542</subfield>
      <subfield code="g">70</subfield>
      <subfield code="o">551.46 P199i3</subfield>
      <subfield code="e">Desconocido</subfield>
      <subfield code="8">CG</subfield>
    </datafield>
  </record>