
  <record>
    <leader>01000aam  22002601a 4500</leader>
    <controlfield tag="001">YPZ96800</controlfield>
    <controlfield tag="003">YPZ</controlfield>
    <controlfield tag="005">201302041452200</controlfield>
    <controlfield tag="008">130204|###########||||||b||||||||||spa|d</controlfield>
    <datafield tag="020" ind1=" " ind2=" ">
      <subfield code="a">9788415419488</subfield>
    </datafield>
    <datafield tag="040" ind1=" " ind2=" ">
      <subfield code="c">SIUNPA</subfield>
    </datafield>
    <datafield tag="041" ind1=" " ind2=" ">
      <subfield code="a">spa</subfield>
    </datafield>
    <datafield tag="044" ind1=" " ind2=" ">
      <subfield code="a">ES</subfield>
    </datafield>
    <datafield tag="080" ind1=" " ind2=" ">
      <subfield code="a">616.89 V652e5</subfield>
    </datafield>
    <datafield tag="100" ind1=" " ind2=" ">
      <subfield code="a">Videbeck, Sheila L..</subfield>
    </datafield>
    <datafield tag="245" ind1=" " ind2=" ">
      <subfield code="a">Enfermería psiquiátrica</subfield>
      <subfield code="b"> : 5ª edición</subfield>
      <subfield code="c"> / Martín Arias, Juan Manuel, tr. ; Miller, Cathy J., il.</subfield>
    </datafield>
    <datafield tag="260" ind1=" " ind2=" ">
      <subfield code="a">Barcelona</subfield>
      <subfield code="b"/>
      <subfield code="c"> , 2012</subfield>
    </datafield>
    <datafield tag="650" ind1=" " ind2=" ">
      <subfield code="a"> PSIQUIATRIA</subfield>
    </datafield>
    <datafield tag="650" ind1=" " ind2=" ">
      <subfield code="a"> SALUD MENTAL</subfield>
    </datafield>
    <datafield tag="650" ind1=" " ind2=" ">
      <subfield code="a"> PRACTICAS DE ENFERMERIA</subfield>
    </datafield>
    <datafield tag="942" ind1=" " ind2=" ">
      <subfield code="c">BK</subfield>
    </datafield>
    <datafield tag="952" ind1=" " ind2=" ">
      <subfield code="a">BIB_RECT</subfield>
      <subfield code="b">BIB_UASJ</subfield>
      <subfield code="d">2013-07-31</subfield>
      <subfield code="y">BK</subfield>
      <subfield code="p">04-45059</subfield>
      <subfield code="i">04-45059</subfield>
      <subfield code="g">976</subfield>
      <subfield code="o">616.89 V652e5</subfield>
      <subfield code="e">Compra SIUNPA</subfield>
      <subfield code="8">CG</subfield>
    </datafield>
    <datafield tag="952" ind1=" " ind2=" ">
      <subfield code="a">BIB_RECT</subfield>
      <subfield code="b">BIB_UASJ</subfield>
      <subfield code="d">2013-07-31</subfield>
      <subfield code="y">BK</subfield>
      <subfield code="p">04-45060</subfield>
      <subfield code="i">04-45060</subfield>
      <subfield code="g">976</subfield>
      <subfield code="o">616.89 V652e5</subfield>
      <subfield code="e">Compra SIUNPA</subfield>
      <subfield code="8">CG</subfield>
    </datafield>
    <datafield tag="952" ind1=" " ind2=" ">
      <subfield code="a">BIB_RECT</subfield>
      <subfield code="b">SAT_PBNA</subfield>
      <subfield code="d">2013-08-12</subfield>
      <subfield code="y">BK</subfield>
      <subfield code="p">11-45219</subfield>
      <subfield code="i">11-45219</subfield>
      <subfield code="g">976</subfield>
      <subfield code="o">616.89 V652e5</subfield>
      <subfield code="e">Compra SIUNPA</subfield>
      <subfield code="8">CG</subfield>
    </datafield>
    <datafield tag="952" ind1=" " ind2=" ">
      <subfield code="a">BIB_RECT</subfield>
      <subfield code="b">SAT_PBNA</subfield>
      <subfield code="d">2014-10-17</subfield>
      <subfield code="y">BK</subfield>
      <subfield code="p">11-46810</subfield>
      <subfield code="i">11-46810</subfield>
      <subfield code="g">803</subfield>
      <subfield code="o">616.89 V652e5</subfield>
      <subfield code="e">Compra SIUNPA</subfield>
      <subfield code="8">CG</subfield>
    </datafield>
    <datafield tag="952" ind1=" " ind2=" ">
      <subfield code="a">BIB_RECT</subfield>
      <subfield code="b">SAT_GREG</subfield>
      <subfield code="d">2013-02-04</subfield>
      <subfield code="y">BK</subfield>
      <subfield code="p">18-43697</subfield>
      <subfield code="i">18-43697</subfield>
      <subfield code="g">423.3</subfield>
      <subfield code="o">616.89 V652e5</subfield>
      <subfield code="e">Compra SIUNPA</subfield>
      <subfield code="8">CG</subfield>
    </datafield>
    <datafield tag="952" ind1=" " ind2=" ">
      <subfield code="a">BIB_RECT</subfield>
      <subfield code="b">SAT_GREG</subfield>
      <subfield code="d">2013-02-04</subfield>
      <subfield code="y">BK</subfield>
      <subfield code="p">18-43698</subfield>
      <subfield code="i">18-43698</subfield>
      <subfield code="g">423.3</subfield>
      <subfield code="o">616.89 V652e5</subfield>
      <subfield code="e">Compra SIUNPA</subfield>
      <subfield code="8">CG</subfield>
    </datafield>
  </record>