
  <record>
    <leader>01000aam  22002601a 4500</leader>
    <controlfield tag="001">YPZ96809</controlfield>
    <controlfield tag="003">YPZ</controlfield>
    <controlfield tag="005">201302051353230</controlfield>
    <controlfield tag="008">130205|###########||||||b||||||||||spa|d</controlfield>
    <datafield tag="020" ind1=" " ind2=" ">
      <subfield code="a">9788476589854</subfield>
    </datafield>
    <datafield tag="040" ind1=" " ind2=" ">
      <subfield code="c">SIUNPA</subfield>
    </datafield>
    <datafield tag="041" ind1=" " ind2=" ">
      <subfield code="a">spa</subfield>
    </datafield>
    <datafield tag="044" ind1=" " ind2=" ">
      <subfield code="a">ES</subfield>
    </datafield>
    <datafield tag="080" ind1=" " ind2=" ">
      <subfield code="a">316.6 W132d</subfield>
    </datafield>
    <datafield tag="100" ind1=" " ind2=" ">
      <subfield code="a">Wagner, Wolfgang.</subfield>
    </datafield>
    <datafield tag="700" ind1=" " ind2=" ">
      <subfield code="a">Hayes, Nicky.</subfield>
    </datafield>
    <datafield tag="245" ind1=" " ind2=" ">
      <subfield code="a">El discurso de lo cotidiano y el sentido común</subfield>
      <subfield code="b"> : la teoría de las representaciones sociales</subfield>
      <subfield code="c"> / Flores Palacios, Fátima, ed. ; Serrano Oswald, S. Eréndira, tr.</subfield>
    </datafield>
    <datafield tag="250" ind1=" " ind2=" ">
      <subfield code="a">1a ed.</subfield>
    </datafield>
    <datafield tag="260" ind1=" " ind2=" ">
      <subfield code="a">Barcelona</subfield>
      <subfield code="b"> : Anthropos</subfield>
      <subfield code="c"> , 2011</subfield>
    </datafield>
    <datafield tag="440" ind1=" " ind2=" ">
      <subfield code="a">Colección desarrollo del lenguaje y didáctica de las lenguas</subfield>
      <subfield code="a">Colección desarrollo del lenguaje y didáctica de las lenguas</subfield>
      <subfield code="a">Claves para la formación docente</subfield>
      <subfield code="a">Colección Ciencias Sociales</subfield>
      <subfield code="a">Colección Ciencias Sociales</subfield>
      <subfield code="a">Colección Ciencias Sociales</subfield>
      <subfield code="a">Colección Ciencias Sociales</subfield>
      <subfield code="a">Serie enfermería</subfield>
      <subfield code="a">Colección Ciencias Sociales</subfield>
      <subfield code="a">Autores, textos y temas. Psicología</subfield>
      <subfield code="v">30</subfield>
    </datafield>
    <datafield tag="490" ind1=" " ind2=" ">
      <subfield code="a">Colección desarrollo del lenguaje y didáctica de las lenguas</subfield>
      <subfield code="a">Colección desarrollo del lenguaje y didáctica de las lenguas</subfield>
      <subfield code="a">Claves para la formación docente</subfield>
      <subfield code="a">Colección Ciencias Sociales</subfield>
      <subfield code="a">Colección Ciencias Sociales</subfield>
      <subfield code="a">Colección Ciencias Sociales</subfield>
      <subfield code="a">Colección Ciencias Sociales</subfield>
      <subfield code="a">Serie enfermería</subfield>
      <subfield code="a">Colección Ciencias Sociales</subfield>
      <subfield code="a">Autores, textos y temas. Psicología</subfield>
      <subfield code="v">30</subfield>
    </datafield>
    <datafield tag="650" ind1=" " ind2=" ">
      <subfield code="a"> PSICOLOGIA SOCIAL</subfield>
    </datafield>
    <datafield tag="650" ind1=" " ind2=" ">
      <subfield code="a"> GRUPOS SOCIALES</subfield>
    </datafield>
    <datafield tag="942" ind1=" " ind2=" ">
      <subfield code="c">BK</subfield>
    </datafield>
    <datafield tag="952" ind1=" " ind2=" ">
      <subfield code="a">BIB_RECT</subfield>
      <subfield code="b">BIB_UASJ</subfield>
      <subfield code="d">2013-02-05</subfield>
      <subfield code="y">BK</subfield>
      <subfield code="p">04-43719</subfield>
      <subfield code="i">04-43719</subfield>
      <subfield code="g">150</subfield>
      <subfield code="o">316.6 W132d</subfield>
      <subfield code="e">PI-29D047</subfield>
      <subfield code="8">CG</subfield>
    </datafield>
    <datafield tag="952" ind1=" " ind2=" ">
      <subfield code="a">BIB_RECT</subfield>
      <subfield code="b">BIB_UASJ</subfield>
      <subfield code="d">2013-02-05</subfield>
      <subfield code="y">BK</subfield>
      <subfield code="p">04-43720</subfield>
      <subfield code="i">04-43720</subfield>
      <subfield code="g">150</subfield>
      <subfield code="o">316.6 W132d</subfield>
      <subfield code="e">PI-29D047</subfield>
      <subfield code="8">CG</subfield>
    </datafield>
  </record>