
  <record>
    <leader>01000aam  22002601a 4500</leader>
    <controlfield tag="001">YPZ96867</controlfield>
    <controlfield tag="003">YPZ</controlfield>
    <controlfield tag="005">201302131118360</controlfield>
    <controlfield tag="008">130213|###########||||||b||||||||||spa|d</controlfield>
    <datafield tag="020" ind1=" " ind2=" ">
      <subfield code="a">9682520010</subfield>
    </datafield>
    <datafield tag="040" ind1=" " ind2=" ">
      <subfield code="c">SIUNPA</subfield>
    </datafield>
    <datafield tag="041" ind1=" " ind2=" ">
      <subfield code="a">spa</subfield>
    </datafield>
    <datafield tag="044" ind1=" " ind2=" ">
      <subfield code="a">MX</subfield>
    </datafield>
    <datafield tag="080" ind1=" " ind2=" ">
      <subfield code="a">614.253.5 K888f</subfield>
    </datafield>
    <datafield tag="100" ind1=" " ind2=" ">
      <subfield code="a">Kozier, Barbara.</subfield>
    </datafield>
    <datafield tag="700" ind1=" " ind2=" ">
      <subfield code="a">Erb, Glenora.</subfield>
    </datafield>
    <datafield tag="700" ind1=" " ind2=" ">
      <subfield code="a">Bufalino, Patricia McKay.</subfield>
    </datafield>
    <datafield tag="245" ind1=" " ind2=" ">
      <subfield code="a">Fundamentos de enfermería</subfield>
      <subfield code="c"> / Aguilar Aguilar, Miguel, tr. ; Blanco, Jorge Luis, tr. ; Magallanes, Correa, tr. ; Cervera Pineda, Claudia Patricia, tr. ; Ocaña, Ana María, tr.</subfield>
    </datafield>
    <datafield tag="250" ind1=" " ind2=" ">
      <subfield code="a">1a ed. en español</subfield>
    </datafield>
    <datafield tag="260" ind1=" " ind2=" ">
      <subfield code="a">México, D.F.</subfield>
      <subfield code="b"> : Interamericana</subfield>
      <subfield code="c"> , 1994</subfield>
    </datafield>
    <datafield tag="650" ind1=" " ind2=" ">
      <subfield code="a"> ENFERMERIA</subfield>
    </datafield>
    <datafield tag="942" ind1=" " ind2=" ">
      <subfield code="c">BK</subfield>
    </datafield>
    <datafield tag="952" ind1=" " ind2=" ">
      <subfield code="a">BIB_RECT</subfield>
      <subfield code="b">BIB_UART</subfield>
      <subfield code="d">2013-04-19</subfield>
      <subfield code="y">BK</subfield>
      <subfield code="p">03-01137</subfield>
      <subfield code="i">03-01137</subfield>
      <subfield code="g">180</subfield>
      <subfield code="o">614.253.5 K888f</subfield>
      <subfield code="e">Migración UART</subfield>
      <subfield code="8">CG</subfield>
    </datafield>
    <datafield tag="952" ind1=" " ind2=" ">
      <subfield code="a">BIB_RECT</subfield>
      <subfield code="b">BIB_UASJ</subfield>
      <subfield code="d">2013-04-18</subfield>
      <subfield code="y">BK</subfield>
      <subfield code="p">04-01313</subfield>
      <subfield code="i">04-01313</subfield>
      <subfield code="g">180</subfield>
      <subfield code="o">614.253.5 K888f</subfield>
      <subfield code="e">Migración UASJ</subfield>
      <subfield code="8">CG</subfield>
    </datafield>
    <datafield tag="952" ind1=" " ind2=" ">
      <subfield code="a">BIB_RECT</subfield>
      <subfield code="b">BIB_UASJ</subfield>
      <subfield code="d">2015-03-04</subfield>
      <subfield code="y">BK</subfield>
      <subfield code="p">04-47148</subfield>
      <subfield code="i">04-47148</subfield>
      <subfield code="g">380</subfield>
      <subfield code="o">614.253.5 K888f</subfield>
      <subfield code="e">Donación</subfield>
      <subfield code="8">CG</subfield>
    </datafield>
    <datafield tag="952" ind1=" " ind2=" ">
      <subfield code="a">BIB_RECT</subfield>
      <subfield code="b">BIB_UARG</subfield>
      <subfield code="d">2013-02-05</subfield>
      <subfield code="y">BK</subfield>
      <subfield code="p">05-43740</subfield>
      <subfield code="i">05-43740</subfield>
      <subfield code="g">180</subfield>
      <subfield code="o">614.253.5 K888f</subfield>
      <subfield code="e">Donación</subfield>
      <subfield code="8">CG</subfield>
    </datafield>
  </record>