
  <record>
    <leader>01000aam  22002601a 4500</leader>
    <controlfield tag="001">YPZ96910</controlfield>
    <controlfield tag="003">YPZ</controlfield>
    <controlfield tag="005">201302181430150</controlfield>
    <controlfield tag="008">130218|###########||||||b||||||||||spa|d</controlfield>
    <datafield tag="040" ind1=" " ind2=" ">
      <subfield code="c">SIUNPA</subfield>
    </datafield>
    <datafield tag="041" ind1=" " ind2=" ">
      <subfield code="a">spa</subfield>
    </datafield>
    <datafield tag="044" ind1=" " ind2=" ">
      <subfield code="a">AR</subfield>
    </datafield>
    <datafield tag="080" ind1=" " ind2=" ">
      <subfield code="a">821.134.2(82) G215m</subfield>
    </datafield>
    <datafield tag="100" ind1=" " ind2=" ">
      <subfield code="a">García, Martha Elena.</subfield>
    </datafield>
    <datafield tag="245" ind1=" " ind2=" ">
      <subfield code="a">Más allá del sentimiento</subfield>
    </datafield>
    <datafield tag="250" ind1=" " ind2=" ">
      <subfield code="a">1a ed.</subfield>
    </datafield>
    <datafield tag="260" ind1=" " ind2=" ">
      <subfield code="a">Río Gallegos</subfield>
      <subfield code="b"> : M.E. García, ed.</subfield>
      <subfield code="c"> , 2010</subfield>
    </datafield>
    <datafield tag="650" ind1=" " ind2=" ">
      <subfield code="a"> LITERATURA ARGENTINA</subfield>
    </datafield>
    <datafield tag="650" ind1=" " ind2=" ">
      <subfield code="a"> POESIA</subfield>
    </datafield>
    <datafield tag="942" ind1=" " ind2=" ">
      <subfield code="c">BK</subfield>
    </datafield>
    <datafield tag="952" ind1=" " ind2=" ">
      <subfield code="a">BIB_RECT</subfield>
      <subfield code="b">BIB_UARG</subfield>
      <subfield code="d">2013-02-18</subfield>
      <subfield code="y">BK</subfield>
      <subfield code="p">05-43881</subfield>
      <subfield code="i">05-43881</subfield>
      <subfield code="g">45</subfield>
      <subfield code="o">821.134.2(82) G215m</subfield>
      <subfield code="e">García, Martha Elena</subfield>
      <subfield code="8">CG</subfield>
    </datafield>
    <datafield tag="952" ind1=" " ind2=" ">
      <subfield code="a">BIB_RECT</subfield>
      <subfield code="b">BIB_UARG</subfield>
      <subfield code="d">2013-02-18</subfield>
      <subfield code="y">BK</subfield>
      <subfield code="p">05-43882</subfield>
      <subfield code="i">05-43882</subfield>
      <subfield code="g">45</subfield>
      <subfield code="o">821.134.2(82) G215m</subfield>
      <subfield code="e">García, Martha Elena</subfield>
      <subfield code="8">CG</subfield>
    </datafield>
  </record>