
  <record>
    <leader>01000aam  22002601a 4500</leader>
    <controlfield tag="001">YPZ96929</controlfield>
    <controlfield tag="003">YPZ</controlfield>
    <controlfield tag="005">201302210927140</controlfield>
    <controlfield tag="008">130221|###########||||||b||||||||||spa|d</controlfield>
    <datafield tag="020" ind1=" " ind2=" ">
      <subfield code="a">8427012470</subfield>
    </datafield>
    <datafield tag="040" ind1=" " ind2=" ">
      <subfield code="c">SIUNPA</subfield>
    </datafield>
    <datafield tag="041" ind1=" " ind2=" ">
      <subfield code="a">spa</subfield>
    </datafield>
    <datafield tag="044" ind1=" " ind2=" ">
      <subfield code="a">ES</subfield>
    </datafield>
    <datafield tag="080" ind1=" " ind2=" ">
      <subfield code="a">371.3 N935a</subfield>
    </datafield>
    <datafield tag="100" ind1=" " ind2=" ">
      <subfield code="a">Novak, Joseph D..</subfield>
    </datafield>
    <datafield tag="700" ind1=" " ind2=" ">
      <subfield code="a">Gowin, D. Bob.</subfield>
    </datafield>
    <datafield tag="245" ind1=" " ind2=" ">
      <subfield code="a">Aprendiendo a aprender</subfield>
      <subfield code="c"> / Campanario, Juan M., tr. ; Campanario, Eugenio, tr. ; Otero, José, rev.</subfield>
    </datafield>
    <datafield tag="260" ind1=" " ind2=" ">
      <subfield code="a">Barcelona</subfield>
      <subfield code="b"> : Martínez Roca</subfield>
      <subfield code="c"> , 1988</subfield>
    </datafield>
    <datafield tag="650" ind1=" " ind2=" ">
      <subfield code="a"> METODO DE ENSEÑANZA  DIDACTICA</subfield>
    </datafield>
    <datafield tag="650" ind1=" " ind2=" ">
      <subfield code="a"> APRENDIZAJE</subfield>
    </datafield>
    <datafield tag="650" ind1=" " ind2=" ">
      <subfield code="a"> MAPAS CONCEPTUALES</subfield>
    </datafield>
    <datafield tag="650" ind1=" " ind2=" ">
      <subfield code="a"> DIAGRAMA UVE</subfield>
    </datafield>
    <datafield tag="942" ind1=" " ind2=" ">
      <subfield code="c">BK</subfield>
    </datafield>
    <datafield tag="952" ind1=" " ind2=" ">
      <subfield code="a">BIB_RECT</subfield>
      <subfield code="b">BIB_UART</subfield>
      <subfield code="d">2013-02-21</subfield>
      <subfield code="y">BK</subfield>
      <subfield code="p">03-00105</subfield>
      <subfield code="i">03-00105</subfield>
      <subfield code="g">70</subfield>
      <subfield code="o">371.3 N935a</subfield>
      <subfield code="e">Migración UART</subfield>
      <subfield code="8">CG</subfield>
    </datafield>
    <datafield tag="952" ind1=" " ind2=" ">
      <subfield code="a">BIB_RECT</subfield>
      <subfield code="b">BIB_UARG</subfield>
      <subfield code="d">2013-02-21</subfield>
      <subfield code="y">BK</subfield>
      <subfield code="p">05-08187</subfield>
      <subfield code="i">05-08187</subfield>
      <subfield code="g">70</subfield>
      <subfield code="o">371.3 N935a</subfield>
      <subfield code="e">Migración UARG</subfield>
      <subfield code="8">CG</subfield>
    </datafield>
    <datafield tag="952" ind1=" " ind2=" ">
      <subfield code="a">BIB_RECT</subfield>
      <subfield code="b">BIB_UARG</subfield>
      <subfield code="d">2013-02-21</subfield>
      <subfield code="y">BK</subfield>
      <subfield code="p">05-08688</subfield>
      <subfield code="i">05-08688</subfield>
      <subfield code="g">70</subfield>
      <subfield code="o">371.3 N935a</subfield>
      <subfield code="e">Migración UARG</subfield>
      <subfield code="8">CG</subfield>
    </datafield>
    <datafield tag="952" ind1=" " ind2=" ">
      <subfield code="a">BIB_RECT</subfield>
      <subfield code="b">BIB_UARG</subfield>
      <subfield code="d">2013-02-21</subfield>
      <subfield code="y">BK</subfield>
      <subfield code="p">05-43902</subfield>
      <subfield code="i">05-43902</subfield>
      <subfield code="g">70</subfield>
      <subfield code="o">371.3 N935a</subfield>
      <subfield code="e">Don. Navas, Pablo</subfield>
      <subfield code="8">CG</subfield>
    </datafield>
  </record>