
  <record>
    <leader>01000aam  22002601a 4500</leader>
    <controlfield tag="001">YPZ96933</controlfield>
    <controlfield tag="003">YPZ</controlfield>
    <controlfield tag="005">201302211121430</controlfield>
    <controlfield tag="008">130221|###########||||||b||||||||||spa|d</controlfield>
    <datafield tag="020" ind1=" " ind2=" ">
      <subfield code="a">9789504920502</subfield>
    </datafield>
    <datafield tag="040" ind1=" " ind2=" ">
      <subfield code="c">SIUNPA</subfield>
    </datafield>
    <datafield tag="041" ind1=" " ind2=" ">
      <subfield code="a">spa</subfield>
    </datafield>
    <datafield tag="044" ind1=" " ind2=" ">
      <subfield code="a">AR</subfield>
    </datafield>
    <datafield tag="080" ind1=" " ind2=" ">
      <subfield code="a">94(479.25) D438d</subfield>
    </datafield>
    <datafield tag="100" ind1=" " ind2=" ">
      <subfield code="a">Derghougassian, Khatchik.</subfield>
    </datafield>
    <datafield tag="700" ind1=" " ind2=" ">
      <subfield code="a">Bosoer, Fabián.</subfield>
    </datafield>
    <datafield tag="700" ind1=" " ind2=" ">
      <subfield code="a">Teruzzi, Florencia.</subfield>
    </datafield>
    <datafield tag="700" ind1=" " ind2=" ">
      <subfield code="a">Tokatlian, Juan Gabriel.</subfield>
    </datafield>
    <datafield tag="245" ind1=" " ind2=" ">
      <subfield code="a">El derrumbe del negacionismo</subfield>
      <subfield code="b"> : Leandro Despouy, el informe Whitaker y el aporte argentino al reconocimiento internacional del genocidio de los armenios</subfield>
      <subfield code="c"> / Derghougassian, Khatchik, comp. ; Mouratian, Pedro, pról.</subfield>
    </datafield>
    <datafield tag="250" ind1=" " ind2=" ">
      <subfield code="a">1a ed.</subfield>
    </datafield>
    <datafield tag="260" ind1=" " ind2=" ">
      <subfield code="a">Buenos Aires</subfield>
      <subfield code="b"> : Planeta</subfield>
      <subfield code="c"> , 2009</subfield>
    </datafield>
    <datafield tag="500" ind1=" " ind2=" ">
      <subfield code="a">Incluye: Orígenes, virtudes y peripecias del derecho a la verdad. Un ensayo inédito de Leandro Despouy</subfield>
    </datafield>
    <datafield tag="650" ind1=" " ind2=" ">
      <subfield code="a"> GENOCIDIO  HISTORIA DE ARMENIA</subfield>
    </datafield>
    <datafield tag="650" ind1=" " ind2=" ">
      <subfield code="a"> IMPERIO TURCO</subfield>
    </datafield>
    <datafield tag="650" ind1=" " ind2=" ">
      <subfield code="a">OTOMANO</subfield>
    </datafield>
    <datafield tag="650" ind1=" " ind2=" ">
      <subfield code="a"> INFORME WHITAKER </subfield>
    </datafield>
    <datafield tag="650" ind1=" " ind2=" ">
      <subfield code="a"> DERECHOS HUMANOS</subfield>
    </datafield>
    <datafield tag="650" ind1=" " ind2=" ">
      <subfield code="a"> SIGLO XX</subfield>
    </datafield>
    <datafield tag="505" ind1="0" ind2="0">
      <subfield code="g">p. 201-238</subfield>
      <subfield code="g">- HISTORIA DE ARMENIA|- GENOCIDIO</subfield>
      <subfield code="r">Despouy, Leandro</subfield>
      <subfield code="t">Orígenes, virtudes y peripecias del derecho a la verdad</subfield>
    </datafield>
    <datafield tag="773" ind1="0" ind2="#">
      <subfield code="a">Despouy, Leandro</subfield>
      <subfield code="g">- HISTORIA DE ARMENIA|- GENOCIDIO</subfield>
      <subfield code="h">p. 201-238</subfield>
      <subfield code="t">Orígenes, virtudes y peripecias del derecho a la verdad</subfield>
    </datafield>
    <datafield tag="942" ind1=" " ind2=" ">
      <subfield code="c">BK</subfield>
    </datafield>
    <datafield tag="952" ind1=" " ind2=" ">
      <subfield code="a">BIB_RECT</subfield>
      <subfield code="b">BIB_UARG</subfield>
      <subfield code="d">2013-02-21</subfield>
      <subfield code="y">BK</subfield>
      <subfield code="p">05-43894</subfield>
      <subfield code="i">05-43894</subfield>
      <subfield code="g">80</subfield>
      <subfield code="o">94(479.25) D438d</subfield>
      <subfield code="e">Don. Porras, Gabriel</subfield>
      <subfield code="8">CG</subfield>
    </datafield>
    <datafield tag="952" ind1=" " ind2=" ">
      <subfield code="a">BIB_RECT</subfield>
      <subfield code="b">BIB_UARG</subfield>
      <subfield code="d">2015-08-18</subfield>
      <subfield code="y">BK</subfield>
      <subfield code="p">05-47414</subfield>
      <subfield code="i">05-47414</subfield>
      <subfield code="g">135</subfield>
      <subfield code="o">94(479.25) D438d</subfield>
      <subfield code="e">Don. Avakian, Alejandro</subfield>
      <subfield code="8">CG</subfield>
    </datafield>
  </record>