
  <record>
    <leader>01000aam  22002601a 4500</leader>
    <controlfield tag="001">YPZ96939</controlfield>
    <controlfield tag="003">YPZ</controlfield>
    <controlfield tag="005">201302221532300</controlfield>
    <controlfield tag="008">130222|###########||||||b||||||||||spa|d</controlfield>
    <datafield tag="040" ind1=" " ind2=" ">
      <subfield code="c">SIUNPA</subfield>
    </datafield>
    <datafield tag="041" ind1=" " ind2=" ">
      <subfield code="a">spa</subfield>
    </datafield>
    <datafield tag="044" ind1=" " ind2=" ">
      <subfield code="a">US</subfield>
    </datafield>
    <datafield tag="080" ind1=" " ind2=" ">
      <subfield code="a">517.53 N677f3</subfield>
    </datafield>
    <datafield tag="100" ind1=" " ind2=" ">
      <subfield code="a">Nieto, José I..</subfield>
    </datafield>
    <datafield tag="245" ind1=" " ind2=" ">
      <subfield code="a">Funciones de variable compleja</subfield>
    </datafield>
    <datafield tag="250" ind1=" " ind2=" ">
      <subfield code="a">3a ed. corr.</subfield>
    </datafield>
    <datafield tag="260" ind1=" " ind2=" ">
      <subfield code="a">Washington, D.C.</subfield>
      <subfield code="b"> : Programa Regional de Desarrollo Científico y Tecnológico, OEA</subfield>
      <subfield code="c"> , 1980</subfield>
    </datafield>
    <datafield tag="440" ind1=" " ind2=" ">
      <subfield code="a">Manuales de Eudeba / Matemática</subfield>
      <subfield code="a">Serie de Matemática. Monografía</subfield>
      <subfield code="v">no. 8</subfield>
    </datafield>
    <datafield tag="490" ind1=" " ind2=" ">
      <subfield code="a">Manuales de Eudeba / Matemática</subfield>
      <subfield code="a">Serie de Matemática. Monografía</subfield>
      <subfield code="v">no. 8</subfield>
    </datafield>
    <datafield tag="650" ind1=" " ind2=" ">
      <subfield code="a"> VARIABLES COMPLEJAS</subfield>
    </datafield>
    <datafield tag="650" ind1=" " ind2=" ">
      <subfield code="a"> FUNCIONES (MATEMATICAS)</subfield>
    </datafield>
    <datafield tag="942" ind1=" " ind2=" ">
      <subfield code="c">BK</subfield>
    </datafield>
    <datafield tag="952" ind1=" " ind2=" ">
      <subfield code="a">BIB_RECT</subfield>
      <subfield code="b">BIB_UARG</subfield>
      <subfield code="d">2013-02-19</subfield>
      <subfield code="y">BK</subfield>
      <subfield code="p">05-43906</subfield>
      <subfield code="i">05-43906</subfield>
      <subfield code="g">60</subfield>
      <subfield code="o">517.53 N677f3</subfield>
      <subfield code="e">Navas, Pablo</subfield>
      <subfield code="8">CG</subfield>
    </datafield>
  </record>