
  <record>
    <leader>01000aam  22002601a 4500</leader>
    <controlfield tag="001">YPZ96949</controlfield>
    <controlfield tag="003">YPZ</controlfield>
    <controlfield tag="005">201302250847560</controlfield>
    <controlfield tag="008">130225|###########||||||b||||||||||spa|d</controlfield>
    <datafield tag="040" ind1=" " ind2=" ">
      <subfield code="c">SIUNPA</subfield>
    </datafield>
    <datafield tag="041" ind1=" " ind2=" ">
      <subfield code="a">spa</subfield>
    </datafield>
    <datafield tag="044" ind1=" " ind2=" ">
      <subfield code="a">US</subfield>
    </datafield>
    <datafield tag="080" ind1=" " ind2=" ">
      <subfield code="a">512.64 G338e2</subfield>
    </datafield>
    <datafield tag="100" ind1=" " ind2=" ">
      <subfield code="a">Gentile, Enzo R..</subfield>
    </datafield>
    <datafield tag="245" ind1=" " ind2=" ">
      <subfield code="a">Estructuras algebraicas II</subfield>
      <subfield code="b"> : (Álgebra lineal)</subfield>
    </datafield>
    <datafield tag="250" ind1=" " ind2=" ">
      <subfield code="a">2a ed.</subfield>
    </datafield>
    <datafield tag="260" ind1=" " ind2=" ">
      <subfield code="a">Washington, D.C.</subfield>
      <subfield code="b"> : Programa Regional de Desarrollo Científico y Tecnológico, OEA</subfield>
      <subfield code="c"> , 1979</subfield>
    </datafield>
    <datafield tag="440" ind1=" " ind2=" ">
      <subfield code="a">Colección escritos corsarios</subfield>
      <subfield code="a">Tirant Lo Blanch Tratados</subfield>
      <subfield code="a">Serie de Matemática. Monografía</subfield>
      <subfield code="v">no. 12</subfield>
    </datafield>
    <datafield tag="490" ind1=" " ind2=" ">
      <subfield code="a">Colección escritos corsarios</subfield>
      <subfield code="a">Tirant Lo Blanch Tratados</subfield>
      <subfield code="a">Serie de Matemática. Monografía</subfield>
      <subfield code="v">no. 12</subfield>
    </datafield>
    <datafield tag="650" ind1=" " ind2=" ">
      <subfield code="a"> ALGEBRA LINEAL</subfield>
    </datafield>
    <datafield tag="650" ind1=" " ind2=" ">
      <subfield code="a"> VECTORES (MATEMATICAS)</subfield>
    </datafield>
    <datafield tag="650" ind1=" " ind2=" ">
      <subfield code="a"> TRANSFORMACIONES LINEALES</subfield>
    </datafield>
    <datafield tag="942" ind1=" " ind2=" ">
      <subfield code="c">BK</subfield>
    </datafield>
    <datafield tag="952" ind1=" " ind2=" ">
      <subfield code="a">BIB_RECT</subfield>
      <subfield code="b">BIB_UARG</subfield>
      <subfield code="d">2013-02-25</subfield>
      <subfield code="y">BK</subfield>
      <subfield code="p">05-43904</subfield>
      <subfield code="i">05-43904</subfield>
      <subfield code="g">60</subfield>
      <subfield code="o">512.64 G338e2</subfield>
      <subfield code="e">Don. Navas, Pablo</subfield>
      <subfield code="8">CG</subfield>
    </datafield>
  </record>