
  <record>
    <leader>01000aam  22002601a 4500</leader>
    <controlfield tag="001">YPZ96957</controlfield>
    <controlfield tag="003">YPZ</controlfield>
    <controlfield tag="005">201302251624520</controlfield>
    <controlfield tag="008">130225|###########||||||b||||||||||spa|d</controlfield>
    <datafield tag="020" ind1=" " ind2=" ">
      <subfield code="a">9502301412</subfield>
    </datafield>
    <datafield tag="040" ind1=" " ind2=" ">
      <subfield code="c">SIUNPA</subfield>
    </datafield>
    <datafield tag="041" ind1=" " ind2=" ">
      <subfield code="a">spa</subfield>
    </datafield>
    <datafield tag="044" ind1=" " ind2=" ">
      <subfield code="a">AR</subfield>
    </datafield>
    <datafield tag="080" ind1=" " ind2=" ">
      <subfield code="a">514.742 S232v14</subfield>
    </datafield>
    <datafield tag="100" ind1=" " ind2=" ">
      <subfield code="a">Santaló, Luis A..</subfield>
    </datafield>
    <datafield tag="245" ind1=" " ind2=" ">
      <subfield code="a">Vectores y tensores con sus aplicaciones</subfield>
    </datafield>
    <datafield tag="250" ind1=" " ind2=" ">
      <subfield code="a">14a ed.</subfield>
    </datafield>
    <datafield tag="260" ind1=" " ind2=" ">
      <subfield code="a">Buenos Aires</subfield>
      <subfield code="b"> : Eudeba</subfield>
      <subfield code="c"> , 1993</subfield>
    </datafield>
    <datafield tag="650" ind1=" " ind2=" ">
      <subfield code="a"> ALGEBRA VECTORIAL</subfield>
    </datafield>
    <datafield tag="650" ind1=" " ind2=" ">
      <subfield code="a"> VECTORES (MATEMATICAS)</subfield>
    </datafield>
    <datafield tag="650" ind1=" " ind2=" ">
      <subfield code="a"> TENSORES (MATEMATICAS)</subfield>
    </datafield>
    <datafield tag="650" ind1=" " ind2=" ">
      <subfield code="a"> GEOMETRIA ANALITICA</subfield>
    </datafield>
    <datafield tag="650" ind1=" " ind2=" ">
      <subfield code="a"> EJERCICIOS</subfield>
    </datafield>
    <datafield tag="942" ind1=" " ind2=" ">
      <subfield code="c">BK</subfield>
    </datafield>
    <datafield tag="952" ind1=" " ind2=" ">
      <subfield code="a">BIB_RECT</subfield>
      <subfield code="b">BIB_UACO</subfield>
      <subfield code="d">2013-02-25</subfield>
      <subfield code="y">BK</subfield>
      <subfield code="p">02-03928</subfield>
      <subfield code="i">02-03928</subfield>
      <subfield code="g">90</subfield>
      <subfield code="o">514.742 S232v14</subfield>
      <subfield code="e">MigracionUACO</subfield>
      <subfield code="8">CG</subfield>
    </datafield>
    <datafield tag="952" ind1=" " ind2=" ">
      <subfield code="a">BIB_RECT</subfield>
      <subfield code="b">BIB_UACO</subfield>
      <subfield code="d">2013-02-25</subfield>
      <subfield code="y">BK</subfield>
      <subfield code="p">02-07222</subfield>
      <subfield code="i">02-07222</subfield>
      <subfield code="g">90</subfield>
      <subfield code="o">514.742 S232v14</subfield>
      <subfield code="e">FOMEC</subfield>
      <subfield code="8">CG</subfield>
    </datafield>
    <datafield tag="952" ind1=" " ind2=" ">
      <subfield code="a">BIB_RECT</subfield>
      <subfield code="b">BIB_UACO</subfield>
      <subfield code="d">2013-02-25</subfield>
      <subfield code="y">BK</subfield>
      <subfield code="p">02-07223</subfield>
      <subfield code="i">02-07223</subfield>
      <subfield code="g">90</subfield>
      <subfield code="o">514.742 S232v14</subfield>
      <subfield code="e">FOMEC</subfield>
      <subfield code="8">CG</subfield>
    </datafield>
    <datafield tag="952" ind1=" " ind2=" ">
      <subfield code="a">BIB_RECT</subfield>
      <subfield code="b">BIB_UACO</subfield>
      <subfield code="d">2013-02-25</subfield>
      <subfield code="y">BK</subfield>
      <subfield code="p">02-07224</subfield>
      <subfield code="i">02-07224</subfield>
      <subfield code="g">90</subfield>
      <subfield code="o">514.742 S232v14</subfield>
      <subfield code="e">FOMEC</subfield>
      <subfield code="8">CG</subfield>
    </datafield>
    <datafield tag="952" ind1=" " ind2=" ">
      <subfield code="a">BIB_RECT</subfield>
      <subfield code="b">BIB_UACO</subfield>
      <subfield code="d">2013-02-25</subfield>
      <subfield code="y">BK</subfield>
      <subfield code="p">02-07225</subfield>
      <subfield code="i">02-07225</subfield>
      <subfield code="g">90</subfield>
      <subfield code="o">514.742 S232v14</subfield>
      <subfield code="e">FOMEC</subfield>
      <subfield code="8">CG</subfield>
    </datafield>
    <datafield tag="952" ind1=" " ind2=" ">
      <subfield code="a">BIB_RECT</subfield>
      <subfield code="b">BIB_UACO</subfield>
      <subfield code="d">2013-02-25</subfield>
      <subfield code="y">BK</subfield>
      <subfield code="p">02-07237</subfield>
      <subfield code="i">02-07237</subfield>
      <subfield code="g">90</subfield>
      <subfield code="o">514.742 S232v14</subfield>
      <subfield code="e">FOMEC</subfield>
      <subfield code="8">CG</subfield>
    </datafield>
    <datafield tag="952" ind1=" " ind2=" ">
      <subfield code="a">BIB_RECT</subfield>
      <subfield code="b">BIB_UART</subfield>
      <subfield code="d">2013-02-25</subfield>
      <subfield code="y">BK</subfield>
      <subfield code="p">03-01390</subfield>
      <subfield code="i">03-01390</subfield>
      <subfield code="g">90</subfield>
      <subfield code="o">514.742 S232v14</subfield>
      <subfield code="e">DECANATO</subfield>
      <subfield code="8">CG</subfield>
    </datafield>
    <datafield tag="952" ind1=" " ind2=" ">
      <subfield code="a">BIB_RECT</subfield>
      <subfield code="b">BIB_UART</subfield>
      <subfield code="d">2013-02-25</subfield>
      <subfield code="y">BK</subfield>
      <subfield code="p">03-02095</subfield>
      <subfield code="i">03-02095</subfield>
      <subfield code="g">90</subfield>
      <subfield code="o">514.742 S232v14</subfield>
      <subfield code="e">DECANATO</subfield>
      <subfield code="8">CG</subfield>
    </datafield>
  </record>