
  <record>
    <leader>01000aam  22002601a 4500</leader>
    <controlfield tag="001">YPZ96958</controlfield>
    <controlfield tag="003">YPZ</controlfield>
    <controlfield tag="005">201302251716220</controlfield>
    <controlfield tag="008">130225|###########||||||b||||||||||spa|d</controlfield>
    <datafield tag="020" ind1=" " ind2=" ">
      <subfield code="a">9509660108 (o.c.)</subfield>
    </datafield>
    <datafield tag="020" ind1=" " ind2=" ">
      <subfield code="a">9509660116 (v.1)</subfield>
    </datafield>
    <datafield tag="020" ind1=" " ind2=" ">
      <subfield code="a">9509660124 (v.2)</subfield>
    </datafield>
    <datafield tag="040" ind1=" " ind2=" ">
      <subfield code="c">SIUNPA</subfield>
    </datafield>
    <datafield tag="041" ind1=" " ind2=" ">
      <subfield code="a">spa</subfield>
    </datafield>
    <datafield tag="044" ind1=" " ind2=" ">
      <subfield code="a">AR</subfield>
    </datafield>
    <datafield tag="080" ind1=" " ind2=" ">
      <subfield code="a">316.42(82)</subfield>
    </datafield>
    <datafield tag="110" ind1=" " ind2=" ">
      <subfield code="a">Argentina. Congreso. Senado.</subfield>
    </datafield>
    <datafield tag="245" ind1=" " ind2=" ">
      <subfield code="a">Informe argentino sobre desarrollo humano 1998</subfield>
      <subfield code="b"> : Programa Argentino de Desarrollo Humano</subfield>
      <subfield code="c"> / Cafiero, Antonio F., dir.</subfield>
    </datafield>
    <datafield tag="260" ind1=" " ind2=" ">
      <subfield code="a">Buenos Aires</subfield>
      <subfield code="b"> : Comisión de Ecología y Desarrollo Humano, Programa de las Naciones Unidas para el Desarrollo</subfield>
      <subfield code="b"> : Honorable Senado de la Nación</subfield>
      <subfield code="c"> , 1998</subfield>
    </datafield>
    <datafield tag="300" ind1=" " ind2=" ">
      <subfield code="a">xv, 249 p. : </subfield>
      <subfield code="b">il. ; </subfield>
      <subfield code="a">344 p. : </subfield>
      <subfield code="a">xi, 265 p. : </subfield>
      <subfield code="b">il. ; </subfield>
      <subfield code="a">446 p. : </subfield>
      <subfield code="b">il. ; </subfield>
      <subfield code="a">93 p. : </subfield>
      <subfield code="b">il. ; </subfield>
      <subfield code="a">100 p. : </subfield>
      <subfield code="b">il. ; </subfield>
      <subfield code="a">768 p. : </subfield>
      <subfield code="b">il. ; </subfield>
      <subfield code="a">155 p. : </subfield>
      <subfield code="b">il. ; </subfield>
      <subfield code="a">292 p. : </subfield>
      <subfield code="b">il. ; </subfield>
      <subfield code="a">225 p. : </subfield>
      <subfield code="a">296 p. : </subfield>
      <subfield code="a">128 p. : </subfield>
      <subfield code="a">377 p. : </subfield>
      <subfield code="b">il. ; </subfield>
      <subfield code="a">140 p. : </subfield>
      <subfield code="a">226 p. : </subfield>
      <subfield code="a">161 p. : </subfield>
      <subfield code="a">125 p. : </subfield>
      <subfield code="a">2 v. : </subfield>
      <subfield code="a">v. : </subfield>
      <subfield code="a">123 p. : </subfield>
      <subfield code="a">161 p. : </subfield>
      <subfield code="a">143 p. : </subfield>
      <subfield code="a">112 p. : </subfield>
      <subfield code="a">158 p. : </subfield>
      <subfield code="a">109 p. : </subfield>
      <subfield code="b">il. ; </subfield>
      <subfield code="a">124 p. : </subfield>
      <subfield code="a">95 p. : </subfield>
      <subfield code="a">110 p. : </subfield>
      <subfield code="a">166 p. : </subfield>
      <subfield code="a">xxiii, 964 p. : </subfield>
      <subfield code="b">il. ; </subfield>
      <subfield code="a">123 p. : </subfield>
      <subfield code="b">il. ; </subfield>
      <subfield code="a">3 v. : </subfield>
      <subfield code="a">2 v. : </subfield>
      <subfield code="a">v. : </subfield>
      <subfield code="a">381 p. : </subfield>
      <subfield code="b">il. ; </subfield>
      <subfield code="a">223 p. : </subfield>
      <subfield code="b">il. ; </subfield>
      <subfield code="a">280 p. : </subfield>
      <subfield code="b">il. ; </subfield>
      <subfield code="a">xii, 133 p. : </subfield>
      <subfield code="a">2 v. : </subfield>
      <subfield code="b">il. ; </subfield>
      <subfield code="a">270 p. : </subfield>
      <subfield code="b">il. ; </subfield>
      <subfield code="a">144 p. : </subfield>
      <subfield code="a">222 p. : </subfield>
      <subfield code="a">256 p. : </subfield>
      <subfield code="a">116 p. : </subfield>
      <subfield code="a">143 p. : </subfield>
      <subfield code="a">299 p. : </subfield>
      <subfield code="a">173 p. : </subfield>
      <subfield code="a">604 p. : </subfield>
      <subfield code="a">220 p. : </subfield>
      <subfield code="a">222 p. : </subfield>
      <subfield code="b">il. ; </subfield>
      <subfield code="a">v. : </subfield>
      <subfield code="a">65 p. : </subfield>
      <subfield code="a">366 p. : </subfield>
      <subfield code="a">422 p. : </subfield>
      <subfield code="a">428 p. : </subfield>
      <subfield code="b">il. ; </subfield>
      <subfield code="a">161 p. : </subfield>
      <subfield code="a">327 p. : </subfield>
      <subfield code="b">il. ; </subfield>
      <subfield code="a">223 p. : </subfield>
      <subfield code="a">253 p. : </subfield>
      <subfield code="b">il. ; </subfield>
      <subfield code="a">98 p. : </subfield>
      <subfield code="b">il. ; </subfield>
      <subfield code="a">251 p. : </subfield>
      <subfield code="b">il. ; </subfield>
      <subfield code="a">145 p. : </subfield>
      <subfield code="a">91 p. : </subfield>
      <subfield code="a">480 p. : </subfield>
      <subfield code="b">il. ; </subfield>
      <subfield code="a">95 p. : </subfield>
      <subfield code="b">il. ; </subfield>
      <subfield code="a">2 v. : </subfield>
      <subfield code="b">il. ; </subfield>
      <subfield code="a">xxv, 737 p. : </subfield>
      <subfield code="b">il. ; </subfield>
      <subfield code="a">v. : </subfield>
      <subfield code="b">il. ; </subfield>
      <subfield code="a">321 p. : </subfield>
      <subfield code="b">il. ; </subfield>
      <subfield code="a">102 p. : </subfield>
      <subfield code="b">il. ; </subfield>
      <subfield code="a">54 p. : </subfield>
      <subfield code="b">il. ; </subfield>
      <subfield code="a">60 p. : </subfield>
      <subfield code="b">il. ; </subfield>
      <subfield code="a">113 p. : </subfield>
      <subfield code="b">il. ; </subfield>
      <subfield code="a">144 p. : </subfield>
      <subfield code="b">il. ; </subfield>
      <subfield code="a">94 p. : </subfield>
      <subfield code="b">il. ; </subfield>
      <subfield code="a">66 p. : </subfield>
      <subfield code="b">il. ; </subfield>
      <subfield code="a">315 p. : </subfield>
      <subfield code="b">il. ; </subfield>
      <subfield code="a">279 p. : </subfield>
      <subfield code="b">il. ; </subfield>
      <subfield code="a">228 p. : </subfield>
      <subfield code="b">il. ; </subfield>
      <subfield code="a">283 p. : </subfield>
      <subfield code="a">302 p. : </subfield>
      <subfield code="a">245 p. : </subfield>
      <subfield code="a">88 p. : </subfield>
      <subfield code="a">249 p. : </subfield>
      <subfield code="b">il. ; </subfield>
      <subfield code="a">349 p. : </subfield>
      <subfield code="a">159 p. : </subfield>
      <subfield code="a">381 p. : </subfield>
      <subfield code="b">il. ; </subfield>
      <subfield code="a">95 p. : </subfield>
      <subfield code="a">400 p. : </subfield>
      <subfield code="b">il. ; </subfield>
      <subfield code="a">434 p. : </subfield>
      <subfield code="a">257 p. : </subfield>
      <subfield code="a">xx, 465 p. : </subfield>
      <subfield code="b">il. ; </subfield>
      <subfield code="a">xii, 546 p. : </subfield>
      <subfield code="b">il. ; </subfield>
      <subfield code="a">xxvi, [1292] p. en varias paginaciones : </subfield>
      <subfield code="b">il. ; </subfield>
      <subfield code="a">774 p. : </subfield>
      <subfield code="a">542 p. : </subfield>
      <subfield code="b">il. ; </subfield>
      <subfield code="a">xiii, 465 p. : </subfield>
      <subfield code="b">il. ; </subfield>
      <subfield code="a">viii, 168 p. : </subfield>
      <subfield code="b">il. ; </subfield>
      <subfield code="a">vi, 131 p. : </subfield>
      <subfield code="b">il. ; </subfield>
      <subfield code="a">vi, 78 p. : </subfield>
      <subfield code="b">il. ; </subfield>
      <subfield code="a">271 p. : </subfield>
      <subfield code="b">il. ; </subfield>
      <subfield code="a">xviii, 626 p. : </subfield>
      <subfield code="b">il. ; </subfield>
      <subfield code="a">461 p. : </subfield>
      <subfield code="b">il. ; </subfield>
      <subfield code="a">xvii, 1117 p. : </subfield>
      <subfield code="b">il. ; </subfield>
      <subfield code="a">381 p. : </subfield>
      <subfield code="b">il ; </subfield>
      <subfield code="a">381 p. : </subfield>
      <subfield code="b">il ; </subfield>
      <subfield code="a">2 v. : </subfield>
      <subfield code="b">il. ; </subfield>
      <subfield code="e">1 disquete (3½) en bolsillo (v.1)</subfield>
    </datafield>
    <datafield tag="650" ind1=" " ind2=" ">
      <subfield code="a"> DESARROLLO HUMANO  DATO ESTADISTICO</subfield>
    </datafield>
    <datafield tag="650" ind1=" " ind2=" ">
      <subfield code="a"> PROGRAMA DE DESARROLLO</subfield>
    </datafield>
    <datafield tag="650" ind1=" " ind2=" ">
      <subfield code="a"> DERECHOS HUMANOS</subfield>
    </datafield>
    <datafield tag="650" ind1=" " ind2=" ">
      <subfield code="a"> JUSTICIA SOCIAL </subfield>
    </datafield>
    <datafield tag="650" ind1=" " ind2=" ">
      <subfield code="a"> POBREZA</subfield>
    </datafield>
    <datafield tag="650" ind1=" " ind2=" ">
      <subfield code="a"> ARGENTINA</subfield>
    </datafield>
    <datafield tag="942" ind1=" " ind2=" ">
      <subfield code="c">BK</subfield>
    </datafield>
    <datafield tag="952" ind1=" " ind2=" ">
      <subfield code="a">BIB_RECT</subfield>
      <subfield code="b">BIB_UARG</subfield>
      <subfield code="d">2013-02-25</subfield>
      <subfield code="y">BK</subfield>
      <subfield code="p">05-11872</subfield>
      <subfield code="i">05-11872</subfield>
      <subfield code="g">90</subfield>
      <subfield code="o">316.42(82)</subfield>
      <subfield code="e">SENADO DE LA NACION/99</subfield>
      <subfield code="8">CG</subfield>
    </datafield>
    <datafield tag="952" ind1=" " ind2=" ">
      <subfield code="a">BIB_RECT</subfield>
      <subfield code="b">BIB_UARG</subfield>
      <subfield code="d">2013-02-25</subfield>
      <subfield code="y">BK</subfield>
      <subfield code="p">05-11873</subfield>
      <subfield code="i">05-11873</subfield>
      <subfield code="g">90</subfield>
      <subfield code="o">316.42(82)</subfield>
      <subfield code="e">Migración UARG</subfield>
      <subfield code="8">CG</subfield>
    </datafield>
  </record>