
  <record>
    <leader>01000aam  22002601a 4500</leader>
    <controlfield tag="001">YPZ97033</controlfield>
    <controlfield tag="003">YPZ</controlfield>
    <controlfield tag="005">201303051132380</controlfield>
    <controlfield tag="008">130305|###########||||||b||||||||||spa|d</controlfield>
    <datafield tag="040" ind1=" " ind2=" ">
      <subfield code="c">SIUNPA</subfield>
    </datafield>
    <datafield tag="041" ind1=" " ind2=" ">
      <subfield code="a">spa</subfield>
    </datafield>
    <datafield tag="044" ind1=" " ind2=" ">
      <subfield code="a">VE</subfield>
    </datafield>
    <datafield tag="080" ind1=" " ind2=" ">
      <subfield code="a">37(091) C749i 3</subfield>
    </datafield>
    <datafield tag="110" ind1=" " ind2=" ">
      <subfield code="a">Congreso Iberoamericano de Historia de la Educación Latinoamericana (3 : 1996 : Caracas).</subfield>
    </datafield>
    <datafield tag="245" ind1=" " ind2=" ">
      <subfield code="a">Resúmenes</subfield>
    </datafield>
    <datafield tag="260" ind1=" " ind2=" ">
      <subfield code="a">Caracas</subfield>
      <subfield code="b"> : Universidad Central de Venezuela, Facultad de Humanidades y Educación</subfield>
      <subfield code="b"> : Univarsidad Pedagógica Experimental Libertador</subfield>
      <subfield code="c"> , 1996</subfield>
    </datafield>
    <datafield tag="300" ind1=" " ind2=" ">
      <subfield code="a">267 p. : </subfield>
      <subfield code="a">172 p. : </subfield>
      <subfield code="b">il. ; </subfield>
      <subfield code="a">394 p. : </subfield>
      <subfield code="a">110 p. : </subfield>
      <subfield code="a">654 p. : </subfield>
      <subfield code="a">103 p. : </subfield>
      <subfield code="b">il. ; </subfield>
      <subfield code="a">595 p. : </subfield>
      <subfield code="a">107 p. : </subfield>
      <subfield code="a">189 p. : </subfield>
      <subfield code="a">52 p. : </subfield>
      <subfield code="a">194 p. : </subfield>
      <subfield code="a">235 p. : </subfield>
      <subfield code="a">150 p. : </subfield>
      <subfield code="a">194 p. : </subfield>
      <subfield code="a">231 p. : </subfield>
      <subfield code="a">70 p. : </subfield>
      <subfield code="a">74 p. : </subfield>
      <subfield code="a">x, 82 p. : </subfield>
      <subfield code="b">il. ; </subfield>
      <subfield code="a">178 p. : </subfield>
      <subfield code="a">103 p. : </subfield>
      <subfield code="a">321 p. : </subfield>
      <subfield code="b">il. ; </subfield>
      <subfield code="a">16 p. : </subfield>
      <subfield code="a">404 p. : </subfield>
      <subfield code="e">Anexos (34 p.)</subfield>
    </datafield>
    <datafield tag="500" ind1=" " ind2=" ">
      <subfield code="a">Congreso realizado en Caracas-Venenzuela, 9 al 14 de junio de 1996</subfield>
    </datafield>
    <datafield tag="650" ind1=" " ind2=" ">
      <subfield code="a"> HISTORIA DE LA EDUCACION</subfield>
    </datafield>
    <datafield tag="650" ind1=" " ind2=" ">
      <subfield code="a"> FORMACION DE DOCENTES</subfield>
    </datafield>
    <datafield tag="650" ind1=" " ind2=" ">
      <subfield code="a"> AMERICA LATINA</subfield>
    </datafield>
    <datafield tag="942" ind1=" " ind2=" ">
      <subfield code="c">BK</subfield>
    </datafield>
    <datafield tag="952" ind1=" " ind2=" ">
      <subfield code="a">BIB_RECT</subfield>
      <subfield code="b">BIB_UASJ</subfield>
      <subfield code="d">2013-03-05</subfield>
      <subfield code="y">BK</subfield>
      <subfield code="p">04-44046</subfield>
      <subfield code="i">04-44046</subfield>
      <subfield code="g">110</subfield>
      <subfield code="o">37(091) C749i 3</subfield>
      <subfield code="e">Donación Ossana, Edgardo (Rosario)</subfield>
      <subfield code="8">CG</subfield>
    </datafield>
    <datafield tag="952" ind1=" " ind2=" ">
      <subfield code="a">BIB_RECT</subfield>
      <subfield code="b">BIB_UASJ</subfield>
      <subfield code="d">2013-03-05</subfield>
      <subfield code="y">BK</subfield>
      <subfield code="p">04-44047</subfield>
      <subfield code="i">04-44047</subfield>
      <subfield code="g">15</subfield>
      <subfield code="o">37(091) C749i 3</subfield>
      <subfield code="e">Donación Ossana, Edgardo (Rosario)</subfield>
      <subfield code="8">CG</subfield>
    </datafield>
  </record>