
  <record>
    <leader>01000aam  22002601a 4500</leader>
    <controlfield tag="001">YPZ97048</controlfield>
    <controlfield tag="003">YPZ</controlfield>
    <controlfield tag="005">201303061600140</controlfield>
    <controlfield tag="008">130306|###########||||||b||||||||||spa|d</controlfield>
    <datafield tag="020" ind1=" " ind2=" ">
      <subfield code="a">9508630620</subfield>
    </datafield>
    <datafield tag="040" ind1=" " ind2=" ">
      <subfield code="c">SIUNPA</subfield>
    </datafield>
    <datafield tag="041" ind1=" " ind2=" ">
      <subfield code="a">spa</subfield>
    </datafield>
    <datafield tag="044" ind1=" " ind2=" ">
      <subfield code="a">AR</subfield>
    </datafield>
    <datafield tag="080" ind1=" " ind2=" ">
      <subfield code="a">37(82) H638h</subfield>
    </datafield>
    <datafield tag="245" ind1=" " ind2=" ">
      <subfield code="a">Higienismo, educación y discurso en la Argentina (1870-1940)</subfield>
      <subfield code="c"> / Di Liscia, María Silvia, ed. ; Salto, Graciela Nélida, ed.</subfield>
    </datafield>
    <datafield tag="260" ind1=" " ind2=" ">
      <subfield code="a">Santa Rosa</subfield>
      <subfield code="b"> : Universidad Nacional de La Pampa, EdUNLPam</subfield>
      <subfield code="c"> , 2004</subfield>
    </datafield>
    <datafield tag="650" ind1=" " ind2=" ">
      <subfield code="a"> POLITICAS DE EDUCACION</subfield>
    </datafield>
    <datafield tag="650" ind1=" " ind2=" ">
      <subfield code="a"> EDUCACION SANITARIA</subfield>
    </datafield>
    <datafield tag="650" ind1=" " ind2=" ">
      <subfield code="a"> HIGIENE </subfield>
    </datafield>
    <datafield tag="650" ind1=" " ind2=" ">
      <subfield code="a"> ARGENTINA</subfield>
    </datafield>
    <datafield tag="650" ind1=" " ind2=" ">
      <subfield code="a"> EDUCACION Y SALUD</subfield>
    </datafield>
    <datafield tag="942" ind1=" " ind2=" ">
      <subfield code="c">BK</subfield>
    </datafield>
    <datafield tag="952" ind1=" " ind2=" ">
      <subfield code="a">BIB_RECT</subfield>
      <subfield code="b">BIB_UASJ</subfield>
      <subfield code="d">2013-03-01</subfield>
      <subfield code="y">BK</subfield>
      <subfield code="p">04-44054</subfield>
      <subfield code="i">04-44054</subfield>
      <subfield code="g">90</subfield>
      <subfield code="o">37(82) H638h</subfield>
      <subfield code="e">Donación Ossana, Edgardo (Rosario)</subfield>
      <subfield code="8">CG</subfield>
    </datafield>
  </record>