
  <record>
    <leader>01000aam  22002601a 4500</leader>
    <controlfield tag="001">YPZ97053</controlfield>
    <controlfield tag="003">YPZ</controlfield>
    <controlfield tag="005">201303071048080</controlfield>
    <controlfield tag="008">130307|###########||||||b||||||||||spa|d</controlfield>
    <datafield tag="020" ind1=" " ind2=" ">
      <subfield code="a">844810823X</subfield>
    </datafield>
    <datafield tag="040" ind1=" " ind2=" ">
      <subfield code="c">SIUNPA</subfield>
    </datafield>
    <datafield tag="041" ind1=" " ind2=" ">
      <subfield code="a">spa</subfield>
    </datafield>
    <datafield tag="044" ind1=" " ind2=" ">
      <subfield code="a">ES</subfield>
    </datafield>
    <datafield tag="080" ind1=" " ind2=" ">
      <subfield code="a">517.2 M476c</subfield>
    </datafield>
    <datafield tag="100" ind1=" " ind2=" ">
      <subfield code="a">Mazón Ruiz, José M..</subfield>
    </datafield>
    <datafield tag="245" ind1=" " ind2=" ">
      <subfield code="a">Cálculo diferencial</subfield>
      <subfield code="b"> : teorías y problemas</subfield>
    </datafield>
    <datafield tag="250" ind1=" " ind2=" ">
      <subfield code="a">1a ed. en español</subfield>
    </datafield>
    <datafield tag="260" ind1=" " ind2=" ">
      <subfield code="a">Madrid</subfield>
      <subfield code="b"> : McGraw-Hill/Interamericana de España</subfield>
      <subfield code="c"> , 1997</subfield>
    </datafield>
    <datafield tag="650" ind1=" " ind2=" ">
      <subfield code="a"> CALCULO DIFERENCIAL</subfield>
    </datafield>
    <datafield tag="650" ind1=" " ind2=" ">
      <subfield code="a"> ENSEÑANZA DE LAS MATEMATICAS</subfield>
    </datafield>
    <datafield tag="650" ind1=" " ind2=" ">
      <subfield code="a"> CALCULO</subfield>
    </datafield>
    <datafield tag="650" ind1=" " ind2=" ">
      <subfield code="a"> ANALISIS (MATEMATICAS)</subfield>
    </datafield>
    <datafield tag="942" ind1=" " ind2=" ">
      <subfield code="c">BK</subfield>
    </datafield>
    <datafield tag="952" ind1=" " ind2=" ">
      <subfield code="a">BIB_RECT</subfield>
      <subfield code="b">BIB_UACO</subfield>
      <subfield code="d">2013-03-07</subfield>
      <subfield code="y">BK</subfield>
      <subfield code="p">02-05992</subfield>
      <subfield code="i">02-05992</subfield>
      <subfield code="g">150</subfield>
      <subfield code="o">517.2 M476c</subfield>
      <subfield code="e">Fomec 585</subfield>
      <subfield code="8">CG</subfield>
    </datafield>
    <datafield tag="952" ind1=" " ind2=" ">
      <subfield code="a">BIB_RECT</subfield>
      <subfield code="b">BIB_UACO</subfield>
      <subfield code="d">2013-03-07</subfield>
      <subfield code="y">BK</subfield>
      <subfield code="p">02-05993</subfield>
      <subfield code="i">02-05993</subfield>
      <subfield code="g">150</subfield>
      <subfield code="o">517.2 M476c</subfield>
      <subfield code="e">Fomec 585</subfield>
      <subfield code="8">CG</subfield>
    </datafield>
    <datafield tag="952" ind1=" " ind2=" ">
      <subfield code="a">BIB_RECT</subfield>
      <subfield code="b">BIB_UACO</subfield>
      <subfield code="d">2013-03-07</subfield>
      <subfield code="y">BK</subfield>
      <subfield code="p">02-05994</subfield>
      <subfield code="i">02-05994</subfield>
      <subfield code="g">150</subfield>
      <subfield code="o">517.2 M476c</subfield>
      <subfield code="e">Fomec 585</subfield>
      <subfield code="8">CG</subfield>
    </datafield>
    <datafield tag="952" ind1=" " ind2=" ">
      <subfield code="a">BIB_RECT</subfield>
      <subfield code="b">BIB_UACO</subfield>
      <subfield code="d">2013-03-07</subfield>
      <subfield code="y">BK</subfield>
      <subfield code="p">02-05995</subfield>
      <subfield code="i">02-05995</subfield>
      <subfield code="g">150</subfield>
      <subfield code="o">517.2 M476c</subfield>
      <subfield code="e">Fomec 585</subfield>
      <subfield code="8">CG</subfield>
    </datafield>
    <datafield tag="952" ind1=" " ind2=" ">
      <subfield code="a">BIB_RECT</subfield>
      <subfield code="b">BIB_UACO</subfield>
      <subfield code="d">2013-03-07</subfield>
      <subfield code="y">BK</subfield>
      <subfield code="p">02-05996</subfield>
      <subfield code="i">02-05996</subfield>
      <subfield code="g">150</subfield>
      <subfield code="o">517.2 M476c</subfield>
      <subfield code="e">Fomec 585</subfield>
      <subfield code="8">CG</subfield>
    </datafield>
  </record>