
  <record>
    <leader>01000aam  22002601a 4500</leader>
    <controlfield tag="001">YPZ97098</controlfield>
    <controlfield tag="003">YPZ</controlfield>
    <controlfield tag="005">201303120850550</controlfield>
    <controlfield tag="008">130312|###########||||||b||||||||||spa|d</controlfield>
    <datafield tag="040" ind1=" " ind2=" ">
      <subfield code="c">SIUNPA</subfield>
    </datafield>
    <datafield tag="041" ind1=" " ind2=" ">
      <subfield code="a">spa</subfield>
    </datafield>
    <datafield tag="044" ind1=" " ind2=" ">
      <subfield code="a">AR</subfield>
    </datafield>
    <datafield tag="080" ind1=" " ind2=" ">
      <subfield code="a">373.68(822.1)(091)</subfield>
    </datafield>
    <datafield tag="100" ind1=" " ind2=" ">
      <subfield code="a">Díaz, José María.</subfield>
    </datafield>
    <datafield tag="245" ind1=" " ind2=" ">
      <subfield code="a">Alberdiantina</subfield>
      <subfield code="b"> : páginas para una historia de la educación de la vida estudiantil</subfield>
    </datafield>
    <datafield tag="250" ind1=" " ind2=" ">
      <subfield code="a">2a ed.</subfield>
    </datafield>
    <datafield tag="260" ind1=" " ind2=" ">
      <subfield code="a">Paraná</subfield>
      <subfield code="b"> : Instituto Autárquico Provincial del Seguro de Entre Ríos</subfield>
      <subfield code="c"> , 1991</subfield>
    </datafield>
    <datafield tag="500" ind1=" " ind2=" ">
      <subfield code="a">En cub.: Homenaje a la Escuela Normal Rural Superior 'Juan B. Alberdi'</subfield>
    </datafield>
    <datafield tag="650" ind1=" " ind2=" ">
      <subfield code="a"> HISTORIA DE LA EDUCACION</subfield>
    </datafield>
    <datafield tag="650" ind1=" " ind2=" ">
      <subfield code="a"> EDUCACION RURAL</subfield>
    </datafield>
    <datafield tag="650" ind1=" " ind2=" ">
      <subfield code="a"> ENTRE RIOS (ARGENTINA)</subfield>
    </datafield>
    <datafield tag="650" ind1=" " ind2=" ">
      <subfield code="a"> ESCUELA NORMAL RURAL SUPERIOR JUAN B. ALBERDI (ENTRE RIOS)</subfield>
    </datafield>
    <datafield tag="942" ind1=" " ind2=" ">
      <subfield code="c">BK</subfield>
    </datafield>
    <datafield tag="952" ind1=" " ind2=" ">
      <subfield code="a">BIB_RECT</subfield>
      <subfield code="b">BIB_UASJ</subfield>
      <subfield code="d">2013-03-12</subfield>
      <subfield code="y">BK</subfield>
      <subfield code="p">04-44076</subfield>
      <subfield code="i">04-44076</subfield>
      <subfield code="g">55</subfield>
      <subfield code="o">373.68(822.1)(091)</subfield>
      <subfield code="e">Donación Ossana, Edgardo (Rosario)</subfield>
      <subfield code="8">CG</subfield>
    </datafield>
  </record>