
  <record>
    <leader>01000aam  22002601a 4500</leader>
    <controlfield tag="001">YPZ97139</controlfield>
    <controlfield tag="003">YPZ</controlfield>
    <controlfield tag="005">201303131413520</controlfield>
    <controlfield tag="008">130313|###########||||||b||||||||||spa|d</controlfield>
    <datafield tag="040" ind1=" " ind2=" ">
      <subfield code="c">SIUNPA</subfield>
    </datafield>
    <datafield tag="041" ind1=" " ind2=" ">
      <subfield code="a">spa</subfield>
    </datafield>
    <datafield tag="044" ind1=" " ind2=" ">
      <subfield code="a">AR</subfield>
    </datafield>
    <datafield tag="080" ind1=" " ind2=" ">
      <subfield code="a">314.74 S586s</subfield>
    </datafield>
    <datafield tag="100" ind1=" " ind2=" ">
      <subfield code="a">Silva, Hernán Asdrubal.</subfield>
    </datafield>
    <datafield tag="245" ind1=" " ind2=" ">
      <subfield code="a">Significado de la presencia española en la Argentina en el siglo XX</subfield>
    </datafield>
    <datafield tag="260" ind1=" " ind2=" ">
      <subfield code="a">Bahía Blanca</subfield>
      <subfield code="b"> : Universidad Nacional del Sur</subfield>
      <subfield code="c"> , 1998</subfield>
    </datafield>
    <datafield tag="650" ind1=" " ind2=" ">
      <subfield code="a"> HISTORIA ARGENTINA</subfield>
    </datafield>
    <datafield tag="650" ind1=" " ind2=" ">
      <subfield code="a"> INMIGRACION</subfield>
    </datafield>
    <datafield tag="650" ind1=" " ind2=" ">
      <subfield code="a"> ESPAÑA</subfield>
    </datafield>
    <datafield tag="650" ind1=" " ind2=" ">
      <subfield code="a"> SIGLO XX</subfield>
    </datafield>
    <datafield tag="942" ind1=" " ind2=" ">
      <subfield code="c">BK</subfield>
    </datafield>
    <datafield tag="952" ind1=" " ind2=" ">
      <subfield code="a">BIB_RECT</subfield>
      <subfield code="b">BIB_UARG</subfield>
      <subfield code="d">2013-03-04</subfield>
      <subfield code="y">BK</subfield>
      <subfield code="p">05-44143</subfield>
      <subfield code="i">05-44143</subfield>
      <subfield code="g">90</subfield>
      <subfield code="o">314.74 S586s</subfield>
      <subfield code="e">Navas, Pablo/12</subfield>
      <subfield code="8">CG</subfield>
    </datafield>
  </record>