
  <record>
    <leader>01000aam  22002601a 4500</leader>
    <controlfield tag="001">YPZ97168</controlfield>
    <controlfield tag="003">YPZ</controlfield>
    <controlfield tag="005">201303151021360</controlfield>
    <controlfield tag="008">130315|###########||||||b||||||||||spa|d</controlfield>
    <datafield tag="040" ind1=" " ind2=" ">
      <subfield code="c">SIUNPA</subfield>
    </datafield>
    <datafield tag="041" ind1=" " ind2=" ">
      <subfield code="a">spa</subfield>
    </datafield>
    <datafield tag="044" ind1=" " ind2=" ">
      <subfield code="a">AR</subfield>
    </datafield>
    <datafield tag="080" ind1=" " ind2=" ">
      <subfield code="a">551.46 B767f2</subfield>
    </datafield>
    <datafield tag="100" ind1=" " ind2=" ">
      <subfield code="a">Bourcart, Jacques.</subfield>
    </datafield>
    <datafield tag="245" ind1=" " ind2=" ">
      <subfield code="a">El fondo de los océanos</subfield>
      <subfield code="c"> / Flores, Adriana, tr. ; Capurro,Luis, rev. técnica</subfield>
    </datafield>
    <datafield tag="250" ind1=" " ind2=" ">
      <subfield code="a">2a ed.</subfield>
    </datafield>
    <datafield tag="260" ind1=" " ind2=" ">
      <subfield code="a">Buenos Aires</subfield>
      <subfield code="b"> : Eudeba</subfield>
      <subfield code="c"> , 1972</subfield>
    </datafield>
    <datafield tag="440" ind1=" " ind2=" ">
      <subfield code="a">Biblioteca didáctica</subfield>
      <subfield code="a">Biblioteca Didáctica</subfield>
      <subfield code="a">Psicología contemporánea</subfield>
      <subfield code="a">Biblioteca cultural. Colección cuadernos</subfield>
      <subfield code="v">114</subfield>
    </datafield>
    <datafield tag="490" ind1=" " ind2=" ">
      <subfield code="a">Biblioteca didáctica</subfield>
      <subfield code="a">Biblioteca Didáctica</subfield>
      <subfield code="a">Psicología contemporánea</subfield>
      <subfield code="a">Biblioteca cultural. Colección cuadernos</subfield>
      <subfield code="v">114</subfield>
    </datafield>
    <datafield tag="650" ind1=" " ind2=" ">
      <subfield code="a"> OCEANOGRAFIA</subfield>
    </datafield>
    <datafield tag="942" ind1=" " ind2=" ">
      <subfield code="c">BK</subfield>
    </datafield>
    <datafield tag="952" ind1=" " ind2=" ">
      <subfield code="a">BIB_RECT</subfield>
      <subfield code="b">BIB_UACO</subfield>
      <subfield code="d">2013-03-15</subfield>
      <subfield code="y">BK</subfield>
      <subfield code="p">02-00422</subfield>
      <subfield code="i">02-00422</subfield>
      <subfield code="g">89</subfield>
      <subfield code="o">551.46 B767f2</subfield>
      <subfield code="e">UACO</subfield>
      <subfield code="8">CG</subfield>
    </datafield>
  </record>