
  <record>
    <leader>01000aam  22002601a 4500</leader>
    <controlfield tag="001">YPZ97218</controlfield>
    <controlfield tag="003">YPZ</controlfield>
    <controlfield tag="005">201303251244570</controlfield>
    <controlfield tag="008">130325|###########||||||b||||||||||spa|d</controlfield>
    <datafield tag="020" ind1=" " ind2=" ">
      <subfield code="a">8480632739</subfield>
    </datafield>
    <datafield tag="040" ind1=" " ind2=" ">
      <subfield code="c">SIUNPA</subfield>
    </datafield>
    <datafield tag="041" ind1=" " ind2=" ">
      <subfield code="a">spa</subfield>
    </datafield>
    <datafield tag="044" ind1=" " ind2=" ">
      <subfield code="a">ES</subfield>
    </datafield>
    <datafield tag="080" ind1=" " ind2=" ">
      <subfield code="a">81'27 T964p</subfield>
    </datafield>
    <datafield tag="100" ind1=" " ind2=" ">
      <subfield code="a">Tusón, Jesús.</subfield>
    </datafield>
    <datafield tag="245" ind1=" " ind2=" ">
      <subfield code="a">Los prejuicios lingüisticos</subfield>
      <subfield code="c"> / Tusón, Jesús, tr.</subfield>
    </datafield>
    <datafield tag="250" ind1=" " ind2=" ">
      <subfield code="a">1a ed.</subfield>
    </datafield>
    <datafield tag="260" ind1=" " ind2=" ">
      <subfield code="a">Barcelona</subfield>
      <subfield code="b"> : Octaedro</subfield>
      <subfield code="c"> , 1997</subfield>
    </datafield>
    <datafield tag="440" ind1=" " ind2=" ">
      <subfield code="a">Statistics for biology and health</subfield>
      <subfield code="a">SEI Series in software engineering</subfield>
      <subfield code="a">Addison-Wesley information technology series</subfield>
      <subfield code="a">The XP series</subfield>
      <subfield code="a">The geological field guide series</subfield>
      <subfield code="a">Temas de cátedra</subfield>
      <subfield code="a">Lenguaje y Comunicación</subfield>
      <subfield code="v">12</subfield>
    </datafield>
    <datafield tag="490" ind1=" " ind2=" ">
      <subfield code="a">Statistics for biology and health</subfield>
      <subfield code="a">SEI Series in software engineering</subfield>
      <subfield code="a">Addison-Wesley information technology series</subfield>
      <subfield code="a">The XP series</subfield>
      <subfield code="a">The geological field guide series</subfield>
      <subfield code="a">Temas de cátedra</subfield>
      <subfield code="a">Lenguaje y Comunicación</subfield>
      <subfield code="v">12</subfield>
    </datafield>
    <datafield tag="650" ind1=" " ind2=" ">
      <subfield code="a"/>
    </datafield>
    <datafield tag="650" ind1=" " ind2=" ">
      <subfield code="a"> USO LINGÜISTICO</subfield>
    </datafield>
    <datafield tag="650" ind1=" " ind2=" ">
      <subfield code="a"> SOCIOLINGÜISTICA</subfield>
    </datafield>
    <datafield tag="942" ind1=" " ind2=" ">
      <subfield code="c">BK</subfield>
    </datafield>
    <datafield tag="952" ind1=" " ind2=" ">
      <subfield code="a">BIB_RECT</subfield>
      <subfield code="b">BIB_UACO</subfield>
      <subfield code="d">2013-03-23</subfield>
      <subfield code="y">BK</subfield>
      <subfield code="p">02-44379</subfield>
      <subfield code="i">02-44379</subfield>
      <subfield code="g">40</subfield>
      <subfield code="o">81'27 T964p</subfield>
      <subfield code="e">PI29/B079/1</subfield>
      <subfield code="8">CG</subfield>
    </datafield>
  </record>