
  <record>
    <leader>01000aam  22002601a 4500</leader>
    <controlfield tag="001">YPZ97275</controlfield>
    <controlfield tag="003">YPZ</controlfield>
    <controlfield tag="005">201304040838470</controlfield>
    <controlfield tag="008">130404|###########||||||b||||||||||spa|d</controlfield>
    <datafield tag="040" ind1=" " ind2=" ">
      <subfield code="c">SIUNPA</subfield>
    </datafield>
    <datafield tag="041" ind1=" " ind2=" ">
      <subfield code="a">spa</subfield>
    </datafield>
    <datafield tag="044" ind1=" " ind2=" ">
      <subfield code="a">AR</subfield>
    </datafield>
    <datafield tag="080" ind1=" " ind2=" ">
      <subfield code="a">821.111 S527tr</subfield>
    </datafield>
    <datafield tag="100" ind1=" " ind2=" ">
      <subfield code="a">Shakespeare, William.</subfield>
    </datafield>
    <datafield tag="245" ind1=" " ind2=" ">
      <subfield code="a">Tragedias</subfield>
      <subfield code="c"> / Pagés Larraya, Antonio, estudio prelim. ; Clark, Jaime, tr. ; Baeza, Ricardo, rev. ; Benavente, Jacinto, tr.</subfield>
    </datafield>
    <datafield tag="250" ind1=" " ind2=" ">
      <subfield code="a">1a ed.</subfield>
    </datafield>
    <datafield tag="260" ind1=" " ind2=" ">
      <subfield code="a">Buenos Aires</subfield>
      <subfield code="b"> : Jackson</subfield>
      <subfield code="c"> , 1949</subfield>
    </datafield>
    <datafield tag="440" ind1=" " ind2=" ">
      <subfield code="a">Clásicos Jackson. Segunda serie</subfield>
      <subfield code="v">v. 35</subfield>
    </datafield>
    <datafield tag="490" ind1=" " ind2=" ">
      <subfield code="a">Clásicos Jackson. Segunda serie</subfield>
      <subfield code="v">v. 35</subfield>
    </datafield>
    <datafield tag="650" ind1=" " ind2=" ">
      <subfield code="a"> LITERATURA INGLESA</subfield>
    </datafield>
    <datafield tag="650" ind1=" " ind2=" ">
      <subfield code="a"> TEATRO INGLES</subfield>
    </datafield>
    <datafield tag="505" ind1="0" ind2="0">
      <subfield code="g">p. 5-97</subfield>
      <subfield code="g">- LITERATURA INGLESA|- TEATRO</subfield>
      <subfield code="r">Shakespeare, William</subfield>
      <subfield code="t">Romeo y Julieta</subfield>
    </datafield>
    <datafield tag="505" ind1="0" ind2="0">
      <subfield code="g">p. 115-221</subfield>
      <subfield code="g">- LITERATURA INGLESA|- TEATRO</subfield>
      <subfield code="r">Shakespeare, William</subfield>
      <subfield code="t">Hamlet</subfield>
    </datafield>
    <datafield tag="505" ind1="0" ind2="0">
      <subfield code="g">p. 247-339</subfield>
      <subfield code="g">- LITERATURA INGLESA|- TEATRO</subfield>
      <subfield code="r">Shakespeare, William</subfield>
      <subfield code="t">Otelo</subfield>
    </datafield>
    <datafield tag="505" ind1="0" ind2="0">
      <subfield code="g">p. 361-441</subfield>
      <subfield code="g">- LITERATURA INGLESA|- TEATRO</subfield>
      <subfield code="r">Shakespeare, William</subfield>
      <subfield code="t">El Rey Lear</subfield>
    </datafield>
    <datafield tag="773" ind1="0" ind2="#">
      <subfield code="a">Shakespeare, William</subfield>
      <subfield code="g">- LITERATURA INGLESA|- TEATRO</subfield>
      <subfield code="h">p. 5-97</subfield>
      <subfield code="t">Romeo y Julieta</subfield>
    </datafield>
    <datafield tag="773" ind1="0" ind2="#">
      <subfield code="a">Shakespeare, William</subfield>
      <subfield code="g">- LITERATURA INGLESA|- TEATRO</subfield>
      <subfield code="h">p. 115-221</subfield>
      <subfield code="t">Hamlet</subfield>
    </datafield>
    <datafield tag="773" ind1="0" ind2="#">
      <subfield code="a">Shakespeare, William</subfield>
      <subfield code="g">- LITERATURA INGLESA|- TEATRO</subfield>
      <subfield code="h">p. 247-339</subfield>
      <subfield code="t">Otelo</subfield>
    </datafield>
    <datafield tag="773" ind1="0" ind2="#">
      <subfield code="a">Shakespeare, William</subfield>
      <subfield code="g">- LITERATURA INGLESA|- TEATRO</subfield>
      <subfield code="h">p. 361-441</subfield>
      <subfield code="t">El Rey Lear</subfield>
    </datafield>
    <datafield tag="942" ind1=" " ind2=" ">
      <subfield code="c">BK</subfield>
    </datafield>
    <datafield tag="952" ind1=" " ind2=" ">
      <subfield code="a">BIB_RECT</subfield>
      <subfield code="b">BIB_UARG</subfield>
      <subfield code="d">2013-04-04</subfield>
      <subfield code="y">BK</subfield>
      <subfield code="p">05-00784</subfield>
      <subfield code="i">05-00784</subfield>
      <subfield code="g">89</subfield>
      <subfield code="o">821.111 S527tr</subfield>
      <subfield code="e">Donación</subfield>
      <subfield code="8">CG</subfield>
    </datafield>
  </record>