
  <record>
    <leader>01000aam  22002601a 4500</leader>
    <controlfield tag="001">YPZ97297</controlfield>
    <controlfield tag="003">YPZ</controlfield>
    <controlfield tag="005">201304081003020</controlfield>
    <controlfield tag="008">130408|###########||||||b||||||||||spa|d</controlfield>
    <datafield tag="020" ind1=" " ind2=" ">
      <subfield code="a">8448600053 (o.c.)</subfield>
    </datafield>
    <datafield tag="020" ind1=" " ind2=" ">
      <subfield code="a">8448600002 (v.1)</subfield>
    </datafield>
    <datafield tag="020" ind1=" " ind2=" ">
      <subfield code="a">8448600010 (v.2)</subfield>
    </datafield>
    <datafield tag="040" ind1=" " ind2=" ">
      <subfield code="c">SIUNPA</subfield>
    </datafield>
    <datafield tag="041" ind1=" " ind2=" ">
      <subfield code="a">spa</subfield>
    </datafield>
    <datafield tag="044" ind1=" " ind2=" ">
      <subfield code="a">ES</subfield>
    </datafield>
    <datafield tag="080" ind1=" " ind2=" ">
      <subfield code="a">614.253.5 K888e4</subfield>
    </datafield>
    <datafield tag="100" ind1=" " ind2=" ">
      <subfield code="a">Kozier, Barbara.</subfield>
    </datafield>
    <datafield tag="700" ind1=" " ind2=" ">
      <subfield code="a">Erb, Glenora.</subfield>
    </datafield>
    <datafield tag="700" ind1=" " ind2=" ">
      <subfield code="a">Olivieri, Rita.</subfield>
    </datafield>
    <datafield tag="245" ind1=" " ind2=" ">
      <subfield code="a">Enfermería fundamental</subfield>
      <subfield code="b"> : conceptos, proceso y práctica. Cuarta edición</subfield>
      <subfield code="c"> / Bermejo Caja, Carlos Jesús, tr. ; Borja Albi, Ana Isabel, tr. ; Bueno Ferrán, Mercedes, tr. ; Fuentes Ramos, Mercedes de la, tr. ; García López, Francisco, tr. ; Sobradillo Ruiz, Nieves, tr. ; Albi García, Josefina, rev. técnica ; Arroyo Gordo, María del Pilar, rev. técnica</subfield>
    </datafield>
    <datafield tag="250" ind1=" " ind2=" ">
      <subfield code="a">4a ed.</subfield>
    </datafield>
    <datafield tag="260" ind1=" " ind2=" ">
      <subfield code="a">Madrid</subfield>
      <subfield code="b"> : McGraw-Hill Interamericana</subfield>
      <subfield code="c"> , 1993</subfield>
    </datafield>
    <datafield tag="650" ind1=" " ind2=" ">
      <subfield code="a"> ENFERMERIA</subfield>
    </datafield>
    <datafield tag="942" ind1=" " ind2=" ">
      <subfield code="c">BK</subfield>
    </datafield>
    <datafield tag="952" ind1=" " ind2=" ">
      <subfield code="a">BIB_RECT</subfield>
      <subfield code="b">BIB_UARG</subfield>
      <subfield code="d">2013-03-25</subfield>
      <subfield code="y">BK</subfield>
      <subfield code="p">05-08771</subfield>
      <subfield code="i">05-08771</subfield>
      <subfield code="g">150</subfield>
      <subfield code="o">614.253.5 K888e4</subfield>
      <subfield code="e">Sub. Nac. /94</subfield>
      <subfield code="8">CG</subfield>
    </datafield>
    <datafield tag="952" ind1=" " ind2=" ">
      <subfield code="a">BIB_RECT</subfield>
      <subfield code="b">BIB_UARG</subfield>
      <subfield code="d">2013-03-20</subfield>
      <subfield code="y">BK</subfield>
      <subfield code="p">05-08772</subfield>
      <subfield code="i">05-08772</subfield>
      <subfield code="g">150</subfield>
      <subfield code="o">614.253.5 K888e4</subfield>
      <subfield code="e">Sub. Nac. /94</subfield>
      <subfield code="8">CG</subfield>
    </datafield>
  </record>