
  <record>
    <leader>01000aam  22002601a 4500</leader>
    <controlfield tag="001">YPZ97299</controlfield>
    <controlfield tag="003">YPZ</controlfield>
    <controlfield tag="005">201304081143530</controlfield>
    <controlfield tag="008">130408|###########||||||b||||||||||spa|d</controlfield>
    <datafield tag="020" ind1=" " ind2=" ">
      <subfield code="a">9874398361</subfield>
    </datafield>
    <datafield tag="040" ind1=" " ind2=" ">
      <subfield code="c">SIUNPA</subfield>
    </datafield>
    <datafield tag="041" ind1=" " ind2=" ">
      <subfield code="a">spa</subfield>
    </datafield>
    <datafield tag="044" ind1=" " ind2=" ">
      <subfield code="a">AR</subfield>
    </datafield>
    <datafield tag="080" ind1=" " ind2=" ">
      <subfield code="a">616.379-008.64</subfield>
    </datafield>
    <datafield tag="245" ind1=" " ind2=" ">
      <subfield code="a">Diabetes y otros factores de riesgos cardiovascular</subfield>
      <subfield code="b"> : prevención y tratamiento</subfield>
      <subfield code="c"> / Gagliardino, Juan José, dir. ; Jadzinsky, Mauricio, vicedir. ; Cédola, Norberto V., vicedir.</subfield>
    </datafield>
    <datafield tag="250" ind1=" " ind2=" ">
      <subfield code="a">1a ed.</subfield>
    </datafield>
    <datafield tag="260" ind1=" " ind2=" ">
      <subfield code="a">Buenos Aires</subfield>
      <subfield code="b"> : J.J. Gagliardino, ed.</subfield>
      <subfield code="b"> : et al.</subfield>
      <subfield code="c"> , 2005</subfield>
    </datafield>
    <datafield tag="500" ind1=" " ind2=" ">
      <subfield code="a">Programa de Capacitación para la prevención y tratamiento de la diabetes y otros factores de riesgo cardiovascular asociados</subfield>
    </datafield>
    <datafield tag="650" ind1=" " ind2=" ">
      <subfield code="a"> DIABETES</subfield>
    </datafield>
    <datafield tag="942" ind1=" " ind2=" ">
      <subfield code="c">BK</subfield>
    </datafield>
    <datafield tag="952" ind1=" " ind2=" ">
      <subfield code="a">BIB_RECT</subfield>
      <subfield code="b">BIB_UARG</subfield>
      <subfield code="d">2013-04-08</subfield>
      <subfield code="y">BK</subfield>
      <subfield code="p">05-44414</subfield>
      <subfield code="i">05-44414</subfield>
      <subfield code="g">65</subfield>
      <subfield code="o">616.379-008.64</subfield>
      <subfield code="e">ASPEDI</subfield>
      <subfield code="8">CG</subfield>
    </datafield>
    <datafield tag="952" ind1=" " ind2=" ">
      <subfield code="a">BIB_RECT</subfield>
      <subfield code="b">BIB_UARG</subfield>
      <subfield code="d">2013-04-08</subfield>
      <subfield code="y">BK</subfield>
      <subfield code="p">05-44415</subfield>
      <subfield code="i">05-44415</subfield>
      <subfield code="g">65</subfield>
      <subfield code="o">616.379-008.64</subfield>
      <subfield code="e">ASPEDI</subfield>
      <subfield code="8">CG</subfield>
    </datafield>
  </record>