
  <record>
    <leader>01000aam  22002601a 4500</leader>
    <controlfield tag="001">YPZ97303</controlfield>
    <controlfield tag="003">YPZ</controlfield>
    <controlfield tag="005">201304081351090</controlfield>
    <controlfield tag="008">130408|###########||||||b||||||||||spa|d</controlfield>
    <datafield tag="020" ind1=" " ind2=" ">
      <subfield code="a">9789503407554</subfield>
    </datafield>
    <datafield tag="040" ind1=" " ind2=" ">
      <subfield code="c">SIUNPA</subfield>
    </datafield>
    <datafield tag="041" ind1=" " ind2=" ">
      <subfield code="a">spa</subfield>
    </datafield>
    <datafield tag="044" ind1=" " ind2=" ">
      <subfield code="a">AR</subfield>
    </datafield>
    <datafield tag="080" ind1=" " ind2=" ">
      <subfield code="a">531.3 B862i</subfield>
    </datafield>
    <datafield tag="100" ind1=" " ind2=" ">
      <subfield code="a">Brizuela, Eduardo A..</subfield>
    </datafield>
    <datafield tag="245" ind1=" " ind2=" ">
      <subfield code="a">Introducción al modelado numérico de flujos reactivos</subfield>
    </datafield>
    <datafield tag="260" ind1=" " ind2=" ">
      <subfield code="a">La Plata</subfield>
      <subfield code="b"> : Edulp, Editorial de la Universidad Nacional de La Plata</subfield>
      <subfield code="c"> , 2011</subfield>
    </datafield>
    <datafield tag="300" ind1=" " ind2=" ">
      <subfield code="a">252 p. : </subfield>
      <subfield code="a">94 p. : </subfield>
      <subfield code="b">il. ; </subfield>
      <subfield code="a">4 v. : </subfield>
      <subfield code="a">164 p. : </subfield>
      <subfield code="a">vii, 236 p. : </subfield>
      <subfield code="a">119 p. : </subfield>
      <subfield code="a">153 p. : </subfield>
      <subfield code="a">227 p. : </subfield>
      <subfield code="b">il. ; </subfield>
      <subfield code="a">144 p. : </subfield>
      <subfield code="a">xix, 1025 p. : </subfield>
      <subfield code="b">il. ; </subfield>
      <subfield code="a">xxxviii, 487 p. : </subfield>
      <subfield code="a">xxvi, 509 p. : </subfield>
      <subfield code="a">460 p. : </subfield>
      <subfield code="b">il. ; </subfield>
      <subfield code="a">xi, 128 p. : </subfield>
      <subfield code="a">185 p. : </subfield>
      <subfield code="a">236 p. : </subfield>
      <subfield code="a">194 p. : </subfield>
      <subfield code="a">78 p. : </subfield>
      <subfield code="a">v. : </subfield>
      <subfield code="b">il. ; </subfield>
      <subfield code="a">151 p. : </subfield>
      <subfield code="a">169 p. : </subfield>
      <subfield code="a">xiii, 564 p. : </subfield>
      <subfield code="b">il. ; </subfield>
      <subfield code="a">xxxiv, 867, 213 p. : </subfield>
      <subfield code="a">xxx, 2 v. : </subfield>
      <subfield code="b">il. ; </subfield>
      <subfield code="a">xxxv, 379 p. : </subfield>
      <subfield code="a">xx, 411 p. : </subfield>
      <subfield code="a">lviii, 452 p. : </subfield>
      <subfield code="a">vi, 219 p. : </subfield>
      <subfield code="a">2 v. : </subfield>
      <subfield code="a">xlvii, 448 p. : </subfield>
      <subfield code="a">xliv, 497 p. : </subfield>
      <subfield code="a">xxxix, 433 p. : </subfield>
      <subfield code="a">xxvii, 584 p. : </subfield>
      <subfield code="a">xiv, 399 p. : </subfield>
      <subfield code="a">xxviii, 503 p. : </subfield>
      <subfield code="a">xxxvi, 426 p. : </subfield>
      <subfield code="a">125 p. : </subfield>
      <subfield code="a">xix, 551 p. : </subfield>
      <subfield code="a">lx, 377 p. : </subfield>
      <subfield code="a">xxiii, 503 p. : </subfield>
      <subfield code="a">xx, 444 p. : </subfield>
      <subfield code="a">lxxi, 548 p. : </subfield>
      <subfield code="a">xxx, 2 v. : </subfield>
      <subfield code="b">il. ; </subfield>
      <subfield code="a">105 p. : </subfield>
      <subfield code="b">il. ; </subfield>
      <subfield code="a">400 p. : </subfield>
      <subfield code="b">il. ; </subfield>
      <subfield code="a">250 p. : </subfield>
      <subfield code="a">136 p. : </subfield>
      <subfield code="a">334 p. : </subfield>
      <subfield code="b">il. ; </subfield>
      <subfield code="a">244 p. : </subfield>
      <subfield code="b">il. ; </subfield>
      <subfield code="e">1 CD-ROM en bolsillo</subfield>
    </datafield>
    <datafield tag="650" ind1=" " ind2=" ">
      <subfield code="a"> DINAMICA</subfield>
    </datafield>
    <datafield tag="942" ind1=" " ind2=" ">
      <subfield code="c">BK</subfield>
    </datafield>
    <datafield tag="952" ind1=" " ind2=" ">
      <subfield code="a">BIB_RECT</subfield>
      <subfield code="b">BIB_UARG</subfield>
      <subfield code="d">2013-04-08</subfield>
      <subfield code="y">BK</subfield>
      <subfield code="p">05-44417</subfield>
      <subfield code="i">05-44417</subfield>
      <subfield code="g">50</subfield>
      <subfield code="o">531.3 B862i</subfield>
      <subfield code="e">CONFENDI</subfield>
      <subfield code="8">CG</subfield>
    </datafield>
  </record>