
  <record>
    <leader>01000aam  22002601a 4500</leader>
    <controlfield tag="001">YPZ97305</controlfield>
    <controlfield tag="003">YPZ</controlfield>
    <controlfield tag="005">201304090850500</controlfield>
    <controlfield tag="008">130409|###########||||||b||||||||||spa|d</controlfield>
    <datafield tag="040" ind1=" " ind2=" ">
      <subfield code="c">SIUNPA</subfield>
    </datafield>
    <datafield tag="041" ind1=" " ind2=" ">
      <subfield code="a">spa</subfield>
    </datafield>
    <datafield tag="044" ind1=" " ind2=" ">
      <subfield code="a">AR</subfield>
    </datafield>
    <datafield tag="080" ind1=" " ind2=" ">
      <subfield code="a">342.7 R426r</subfield>
    </datafield>
    <datafield tag="110" ind1=" " ind2=" ">
      <subfield code="a">Argentina. Ministerio de Justicia y Derechos Humanos. Dirección Nacional de Asuntos Internacionales, comp..</subfield>
    </datafield>
    <datafield tag="710" ind1=" " ind2=" ">
      <subfield code="a">Argentina. Ministerio de Justicia y Derechos Humanos. Área de Comunicación y Prensa, comp.lArgentina. Ministerio de Justicia y Derechos Humanos. Biblioteca y Centro de Documentación Obispo Angelelli, comp..</subfield>
    </datafield>
    <datafield tag="245" ind1=" " ind2=" ">
      <subfield code="a">La República Argentina y los instrumentos jurídicos internacionales sobre derechos humanos</subfield>
      <subfield code="b"> : una compilación</subfield>
    </datafield>
    <datafield tag="260" ind1=" " ind2=" ">
      <subfield code="a">Buenos Aires</subfield>
      <subfield code="b"> : Área de Comunicación y Prensa, Secretaría de Derechos Humanos del Ministerio de Justicia y Derechos Humanos de la Nación</subfield>
      <subfield code="c"> , 2006</subfield>
    </datafield>
    <datafield tag="650" ind1=" " ind2=" ">
      <subfield code="a"> DERECHOS HUMANOS</subfield>
    </datafield>
    <datafield tag="650" ind1=" " ind2=" ">
      <subfield code="a"> DERECHO INTERNACIONAL</subfield>
    </datafield>
    <datafield tag="650" ind1=" " ind2=" ">
      <subfield code="a"> ARGENTINA</subfield>
    </datafield>
    <datafield tag="942" ind1=" " ind2=" ">
      <subfield code="c">BK</subfield>
    </datafield>
    <datafield tag="952" ind1=" " ind2=" ">
      <subfield code="a">BIB_RECT</subfield>
      <subfield code="b">BIB_UARG</subfield>
      <subfield code="d">2013-04-09</subfield>
      <subfield code="y">BK</subfield>
      <subfield code="p">05-44425</subfield>
      <subfield code="i">05-44425</subfield>
      <subfield code="g">150</subfield>
      <subfield code="o">342.7 R426r</subfield>
      <subfield code="e">MJDDHH</subfield>
      <subfield code="8">CG</subfield>
    </datafield>
  </record>