
  <record>
    <leader>01000aam  22002601a 4500</leader>
    <controlfield tag="001">YPZ97315</controlfield>
    <controlfield tag="003">YPZ</controlfield>
    <controlfield tag="005">201304101004470</controlfield>
    <controlfield tag="008">130410|###########||||||b||||||||||spa|d</controlfield>
    <datafield tag="020" ind1=" " ind2=" ">
      <subfield code="a">9789871407149</subfield>
    </datafield>
    <datafield tag="040" ind1=" " ind2=" ">
      <subfield code="c">SIUNPA</subfield>
    </datafield>
    <datafield tag="041" ind1=" " ind2=" ">
      <subfield code="a">spa</subfield>
    </datafield>
    <datafield tag="044" ind1=" " ind2=" ">
      <subfield code="a">AR</subfield>
    </datafield>
    <datafield tag="080" ind1=" " ind2=" ">
      <subfield code="a">323.28 A185a</subfield>
    </datafield>
    <datafield tag="245" ind1=" " ind2=" ">
      <subfield code="a">Acompañamiento a testigos en los juicios contra el terrorismo de Estado</subfield>
      <subfield code="b"> : primeras experiencias</subfield>
    </datafield>
    <datafield tag="250" ind1=" " ind2=" ">
      <subfield code="a">1a ed.</subfield>
    </datafield>
    <datafield tag="260" ind1=" " ind2=" ">
      <subfield code="a">Buenos Aires</subfield>
      <subfield code="b"> : Secretaría de Derechos Humanos</subfield>
      <subfield code="c"> , 2009</subfield>
    </datafield>
    <datafield tag="300" ind1=" " ind2=" ">
      <subfield code="a">173 p. : </subfield>
      <subfield code="b">il. ; </subfield>
      <subfield code="a">575 p. : </subfield>
      <subfield code="b">il. ; </subfield>
      <subfield code="a">176 p. : </subfield>
      <subfield code="b">il. ; </subfield>
      <subfield code="a">2 v. : </subfield>
      <subfield code="b">il. ; </subfield>
      <subfield code="a">44 p. : </subfield>
      <subfield code="b">fot. ; </subfield>
      <subfield code="a">171 p. : </subfield>
      <subfield code="b">il. ; </subfield>
      <subfield code="a">131 p. : </subfield>
      <subfield code="a">238 p. : </subfield>
      <subfield code="b">il. ; </subfield>
      <subfield code="a">67 p. : </subfield>
      <subfield code="b">il. ; </subfield>
      <subfield code="a">51 p. : </subfield>
      <subfield code="a">82 p. : </subfield>
      <subfield code="a">160 p. : </subfield>
      <subfield code="e">1 mapa pleg. en bolsillo</subfield>
    </datafield>
    <datafield tag="650" ind1=" " ind2=" ">
      <subfield code="a"> TERRORISMO DE ESTADO</subfield>
    </datafield>
    <datafield tag="650" ind1=" " ind2=" ">
      <subfield code="a"> DERECHOS HUMANOS </subfield>
    </datafield>
    <datafield tag="650" ind1=" " ind2=" ">
      <subfield code="a"> TORTURA</subfield>
    </datafield>
    <datafield tag="650" ind1=" " ind2=" ">
      <subfield code="a"> CRIMENES DE LESA HUMANIDAD </subfield>
    </datafield>
    <datafield tag="650" ind1=" " ind2=" ">
      <subfield code="a"> JUICIOS</subfield>
    </datafield>
    <datafield tag="650" ind1=" " ind2=" ">
      <subfield code="a"> ARGENTINA</subfield>
    </datafield>
    <datafield tag="942" ind1=" " ind2=" ">
      <subfield code="c">BK</subfield>
    </datafield>
    <datafield tag="952" ind1=" " ind2=" ">
      <subfield code="a">BIB_RECT</subfield>
      <subfield code="b">BIB_UARG</subfield>
      <subfield code="d">2013-04-10</subfield>
      <subfield code="y">BK</subfield>
      <subfield code="p">05-44429</subfield>
      <subfield code="i">05-44429</subfield>
      <subfield code="g">70</subfield>
      <subfield code="o">323.28 A185a</subfield>
      <subfield code="e">MJDDHH</subfield>
      <subfield code="8">CG</subfield>
    </datafield>
    <datafield tag="952" ind1=" " ind2=" ">
      <subfield code="a">BIB_RECT</subfield>
      <subfield code="b">BIB_UARG</subfield>
      <subfield code="d">2013-04-10</subfield>
      <subfield code="y">BK</subfield>
      <subfield code="p">05-44430</subfield>
      <subfield code="i">05-44430</subfield>
      <subfield code="g">70</subfield>
      <subfield code="o">323.28 A185a</subfield>
      <subfield code="e">MJDDHH</subfield>
      <subfield code="8">CG</subfield>
    </datafield>
  </record>