
  <record>
    <leader>01000aam  22002601a 4500</leader>
    <controlfield tag="001">YPZ97348</controlfield>
    <controlfield tag="003">YPZ</controlfield>
    <controlfield tag="005">201304111902560</controlfield>
    <controlfield tag="008">130411|###########||||||b||||||||||spa|d</controlfield>
    <datafield tag="020" ind1=" " ind2=" ">
      <subfield code="a">9701003535</subfield>
    </datafield>
    <datafield tag="040" ind1=" " ind2=" ">
      <subfield code="c">SIUNPA</subfield>
    </datafield>
    <datafield tag="041" ind1=" " ind2=" ">
      <subfield code="a">spa</subfield>
    </datafield>
    <datafield tag="044" ind1=" " ind2=" ">
      <subfield code="a">MX</subfield>
    </datafield>
    <datafield tag="080" ind1=" " ind2=" ">
      <subfield code="a">65.012.4 K829a10</subfield>
    </datafield>
    <datafield tag="100" ind1=" " ind2=" ">
      <subfield code="a">Koontz, Harold.</subfield>
    </datafield>
    <datafield tag="700" ind1=" " ind2=" ">
      <subfield code="a">Weihrich, Heinz.</subfield>
    </datafield>
    <datafield tag="245" ind1=" " ind2=" ">
      <subfield code="a">Administración</subfield>
      <subfield code="b"> : una perspectiva global. Décima edición</subfield>
      <subfield code="c"> / Coro Pando, Julio, tr. ; Cabrera Mir, Luis Fernando, rev. técnica ; Estefan Chaul, Martha Loris, rev. técnica ; Abularach Luna, Rita Miriam, rev. técnica ; Diez de Castro, José, rev. técnica ; Trujillo Navarrete, Jorge, rev. técnica</subfield>
    </datafield>
    <datafield tag="250" ind1=" " ind2=" ">
      <subfield code="a">5a ed. en español</subfield>
    </datafield>
    <datafield tag="260" ind1=" " ind2=" ">
      <subfield code="a">Naucalpan de Juárez, México</subfield>
      <subfield code="b"> : McGraw-Hill</subfield>
      <subfield code="c"> , c1994</subfield>
    </datafield>
    <datafield tag="500" ind1=" " ind2=" ">
      <subfield code="a">La fecha de reimpresión varía según el ejemplar</subfield>
    </datafield>
    <datafield tag="650" ind1=" " ind2=" ">
      <subfield code="a"> ADMINISTRACION DE EMPRESAS  ORGANIZACION ADMINISTRATIVA</subfield>
    </datafield>
    <datafield tag="650" ind1=" " ind2=" ">
      <subfield code="a"> GESTION EMPRESARIAL </subfield>
    </datafield>
    <datafield tag="650" ind1=" " ind2=" ">
      <subfield code="a"> TOMA DE DECISIONES</subfield>
    </datafield>
    <datafield tag="650" ind1=" " ind2=" ">
      <subfield code="a"> GESTION ADMINISTRATIVA</subfield>
    </datafield>
    <datafield tag="650" ind1=" " ind2=" ">
      <subfield code="a"> METODOS DE GESTION</subfield>
    </datafield>
    <datafield tag="650" ind1=" " ind2=" ">
      <subfield code="a"> TEORIA DE LA ORGANIZACION</subfield>
    </datafield>
    <datafield tag="942" ind1=" " ind2=" ">
      <subfield code="c">BK</subfield>
    </datafield>
    <datafield tag="952" ind1=" " ind2=" ">
      <subfield code="a">BIB_RECT</subfield>
      <subfield code="b">BIB_UACO</subfield>
      <subfield code="d">2013-06-05</subfield>
      <subfield code="y">BK</subfield>
      <subfield code="p">02-03627</subfield>
      <subfield code="i">02-03627</subfield>
      <subfield code="g">250</subfield>
      <subfield code="o">65.012.4 K829a10</subfield>
      <subfield code="e">Fomec 585</subfield>
      <subfield code="8">CG</subfield>
    </datafield>
    <datafield tag="952" ind1=" " ind2=" ">
      <subfield code="a">BIB_RECT</subfield>
      <subfield code="b">BIB_UACO</subfield>
      <subfield code="d">2013-06-05</subfield>
      <subfield code="y">BK</subfield>
      <subfield code="p">02-04144</subfield>
      <subfield code="i">02-04144</subfield>
      <subfield code="g">250</subfield>
      <subfield code="o">65.012.4 K829a10</subfield>
      <subfield code="e">Fomec 585</subfield>
      <subfield code="8">CG</subfield>
    </datafield>
    <datafield tag="952" ind1=" " ind2=" ">
      <subfield code="a">BIB_RECT</subfield>
      <subfield code="b">BIB_UACO</subfield>
      <subfield code="d">2013-06-05</subfield>
      <subfield code="y">BK</subfield>
      <subfield code="p">02-04145</subfield>
      <subfield code="i">02-04145</subfield>
      <subfield code="g">250</subfield>
      <subfield code="o">65.012.4 K829a10</subfield>
      <subfield code="e">Fomec 585</subfield>
      <subfield code="8">CG</subfield>
    </datafield>
    <datafield tag="952" ind1=" " ind2=" ">
      <subfield code="a">BIB_RECT</subfield>
      <subfield code="b">BIB_UACO</subfield>
      <subfield code="d">2013-06-05</subfield>
      <subfield code="y">BK</subfield>
      <subfield code="p">02-04146</subfield>
      <subfield code="i">02-04146</subfield>
      <subfield code="g">250</subfield>
      <subfield code="o">65.012.4 K829a10</subfield>
      <subfield code="e">Fomec 585</subfield>
      <subfield code="8">CG</subfield>
    </datafield>
    <datafield tag="952" ind1=" " ind2=" ">
      <subfield code="a">BIB_RECT</subfield>
      <subfield code="b">BIB_UACO</subfield>
      <subfield code="d">2013-06-05</subfield>
      <subfield code="y">BK</subfield>
      <subfield code="p">02-04147</subfield>
      <subfield code="i">02-04147</subfield>
      <subfield code="g">250</subfield>
      <subfield code="o">65.012.4 K829a10</subfield>
      <subfield code="e">Fomec 585</subfield>
      <subfield code="8">CG</subfield>
    </datafield>
    <datafield tag="952" ind1=" " ind2=" ">
      <subfield code="a">BIB_RECT</subfield>
      <subfield code="b">BIB_UASJ</subfield>
      <subfield code="d">2006-07-24</subfield>
      <subfield code="y">BK</subfield>
      <subfield code="p">04-f00019</subfield>
      <subfield code="i">04-f00019</subfield>
      <subfield code="g">54</subfield>
      <subfield code="o">65.012.4 K829a10</subfield>
      <subfield code="e">UASJ</subfield>
      <subfield code="8">CG</subfield>
    </datafield>
    <datafield tag="952" ind1=" " ind2=" ">
      <subfield code="a">BIB_RECT</subfield>
      <subfield code="b">BIB_UARG</subfield>
      <subfield code="d">2013-04-10</subfield>
      <subfield code="y">BK</subfield>
      <subfield code="p">05-09520</subfield>
      <subfield code="i">05-09520</subfield>
      <subfield code="g">150</subfield>
      <subfield code="o">65.012.4 K829a10</subfield>
      <subfield code="e">Contrib.Estu/95</subfield>
      <subfield code="8">CG</subfield>
    </datafield>
    <datafield tag="952" ind1=" " ind2=" ">
      <subfield code="a">BIB_RECT</subfield>
      <subfield code="b">BIB_UARG</subfield>
      <subfield code="d">2013-04-10</subfield>
      <subfield code="y">BK</subfield>
      <subfield code="p">05-09854</subfield>
      <subfield code="i">05-09854</subfield>
      <subfield code="g">150</subfield>
      <subfield code="o">65.012.4 K829a10</subfield>
      <subfield code="e">Contrib.Estu/95</subfield>
      <subfield code="8">CG</subfield>
    </datafield>
  </record>