
  <record>
    <leader>01000aam  22002601a 4500</leader>
    <controlfield tag="001">YPZ97389</controlfield>
    <controlfield tag="003">YPZ</controlfield>
    <controlfield tag="005">201304161055100</controlfield>
    <controlfield tag="008">130416|###########||||||b||||||||||spa|d</controlfield>
    <datafield tag="040" ind1=" " ind2=" ">
      <subfield code="c">SIUNPA</subfield>
    </datafield>
    <datafield tag="041" ind1=" " ind2=" ">
      <subfield code="a">spa</subfield>
    </datafield>
    <datafield tag="044" ind1=" " ind2=" ">
      <subfield code="a">AR</subfield>
    </datafield>
    <datafield tag="080" ind1=" " ind2=" ">
      <subfield code="a">061.1 Z395p</subfield>
    </datafield>
    <datafield tag="100" ind1=" " ind2=" ">
      <subfield code="a">Zawels, Estanislao A..</subfield>
    </datafield>
    <datafield tag="245" ind1=" " ind2=" ">
      <subfield code="a">Procedimientos y métodos de trabajo del Consejo de Seguridad de las Naciones Unidas</subfield>
    </datafield>
    <datafield tag="260" ind1=" " ind2=" ">
      <subfield code="a">Buenos Aires</subfield>
      <subfield code="b"> : Instituto del Servicio Exterior de la Nación</subfield>
      <subfield code="c"> , 1998</subfield>
    </datafield>
    <datafield tag="440" ind1=" " ind2=" ">
      <subfield code="a">Serie documentos de trabajo / Instituto del Servicio Exterior de la Nación</subfield>
      <subfield code="v">no. 26</subfield>
    </datafield>
    <datafield tag="490" ind1=" " ind2=" ">
      <subfield code="a">Serie documentos de trabajo / Instituto del Servicio Exterior de la Nación</subfield>
      <subfield code="v">no. 26</subfield>
    </datafield>
    <datafield tag="650" ind1=" " ind2=" ">
      <subfield code="a"> NACIONES UNIDAS</subfield>
    </datafield>
    <datafield tag="650" ind1=" " ind2=" ">
      <subfield code="a"> RELACIONES INTERNACIONALES</subfield>
    </datafield>
    <datafield tag="650" ind1=" " ind2=" ">
      <subfield code="a"> SEGURIDAD INTERNACIONAL</subfield>
    </datafield>
    <datafield tag="650" ind1=" " ind2=" ">
      <subfield code="a"> MANTENIMIENTO DE LA PAZ</subfield>
    </datafield>
    <datafield tag="942" ind1=" " ind2=" ">
      <subfield code="c">BK</subfield>
    </datafield>
    <datafield tag="952" ind1=" " ind2=" ">
      <subfield code="a">BIB_RECT</subfield>
      <subfield code="b">BIB_UARG</subfield>
      <subfield code="d">2013-04-16</subfield>
      <subfield code="y">BK</subfield>
      <subfield code="p">05-44461</subfield>
      <subfield code="i">05-44461</subfield>
      <subfield code="g">20</subfield>
      <subfield code="o">061.1 Z395p</subfield>
      <subfield code="e">Canje y donación SIUNPA</subfield>
      <subfield code="8">CG</subfield>
    </datafield>
  </record>