
  <record>
    <leader>01000aam  22002601a 4500</leader>
    <controlfield tag="001">YPZ97416</controlfield>
    <controlfield tag="003">YPZ</controlfield>
    <controlfield tag="005">201304161832530</controlfield>
    <controlfield tag="008">130416|###########||||||b||||||||||spa|d</controlfield>
    <datafield tag="040" ind1=" " ind2=" ">
      <subfield code="c">SIUNPA</subfield>
    </datafield>
    <datafield tag="041" ind1=" " ind2=" ">
      <subfield code="a">spa</subfield>
    </datafield>
    <datafield tag="044" ind1=" " ind2=" ">
      <subfield code="a">AR</subfield>
    </datafield>
    <datafield tag="080" ind1=" " ind2=" ">
      <subfield code="a">001.38(82) A691i</subfield>
    </datafield>
    <datafield tag="110" ind1=" " ind2=" ">
      <subfield code="a">Argentina. Ministerio de Educación, Ciencia y Tecnología. Secretaría de Ciencia, Tecnología e Innovación Productiva.</subfield>
    </datafield>
    <datafield tag="245" ind1=" " ind2=" ">
      <subfield code="a">Indicadores de ciencia y tecnología</subfield>
      <subfield code="b"> : Argentina 2003</subfield>
      <subfield code="c"> / Ghersini, Francisco, coord. ; Fontanals, Jorge, supervisión</subfield>
    </datafield>
    <datafield tag="260" ind1=" " ind2=" ">
      <subfield code="a">Buenos Aires</subfield>
      <subfield code="b"> : Secretaría de Ciencia, Tecnología e Innovación Productiva</subfield>
      <subfield code="c"> , 2004</subfield>
    </datafield>
    <datafield tag="650" ind1=" " ind2=" ">
      <subfield code="a"> CIENCIA Y DESARROLLO</subfield>
    </datafield>
    <datafield tag="650" ind1=" " ind2=" ">
      <subfield code="a"> TECNOLOGIA </subfield>
    </datafield>
    <datafield tag="650" ind1=" " ind2=" ">
      <subfield code="a"> INVESTIGACION CIENTIFICA</subfield>
    </datafield>
    <datafield tag="650" ind1=" " ind2=" ">
      <subfield code="a"> ARGENTINA</subfield>
    </datafield>
    <datafield tag="942" ind1=" " ind2=" ">
      <subfield code="c">BK</subfield>
    </datafield>
    <datafield tag="952" ind1=" " ind2=" ">
      <subfield code="a">BIB_RECT</subfield>
      <subfield code="b">BIB_UACO</subfield>
      <subfield code="d">2013-04-11</subfield>
      <subfield code="y">BK</subfield>
      <subfield code="p">02-44508</subfield>
      <subfield code="i">02-44508</subfield>
      <subfield code="g">35</subfield>
      <subfield code="o">001.38(82) A691i</subfield>
      <subfield code="e">SECyT</subfield>
      <subfield code="8">CG</subfield>
    </datafield>
  </record>